2309 3583
809 315 900 345 THE
930 315 1051 344 TEXT
1711 316 1732 357 5
1739 315 1761 358 5

91 431 226 482 fictus,
244 430 350 470 unde
372 428 500 480 aliqui
523 428 644 468 latini
664 428 893 479 interpretes
913 425 1028 467 “sine
1050 427 1166 467 dolo'’
1186 428 1435 478 interpretati
1457 433 1561 468 sunt.
1619 429 1761 468 Sermo

100 509 143 546 4:
159 507 224 547 15:
250 497 350 535 Erat
375 494 443 534 ille
470 494 634 545 agrestis
660 498 828 543 venator,
860 494 980 533 Iacob
1008 497 1139 533 autem
1165 493 1252 532 sine
1280 494 1367 532 dolo
1395 495 1692 534 conversabatur
1717 495 1763 533 in

99 563 225 602 domo.
333 574 397 612 31.
428 560 494 601 Cf.
524 560 666 601 Sermo
696 572 820 609 4:12:
855 560 923 599 Da
953 560 1056 598 milii
1085 559 1350 610 primogenita
1380 564 1462 609 tua,
1493 565 1527 599 et
1560 561 1658 600 dabo
1689 561 1762 600 tibi

99 629 239 671 lentem
257 640 376 679 quam
395 626 494 667 coxi.
604 639 747 677 30-34.
777 627 925 665 Enarr.
954 626 997 665 in
1018 627 1085 666 Ps.
1107 628 1175 673 46:
1191 628 1232 665 6:
1270 626 1518 665 Desideravit
1536 626 1767 666 lenticulam

101 699 136 734 et
149 694 207 734 ait
224 693 289 733 illi
299 694 428 744 frater
445 693 549 733 eius:
576 692 627 733 Si
644 692 702 732 vis
720 697 766 732 ut
783 692 870 732 dem
890 692 975 741 tibi,
995 692 1048 731 da
1066 691 1169 731 milii
1187 691 1452 742 primogenita
1472 697 1552 731 tua.

812 801 986 834 CHAPTER
1013 802 1052 833 26

184 885 217 910 1.
247 871 417 921 Quaest.
442 881 540 921 1:75
560 870 680 909 reads
700 874 789 909 ante
808 869 872 908 for
891 869 1025 920 prius;
1058 869 1263 908 Abraham
1283 869 1345 907 for
1371 869 1574 916 Abralzae,·
1607 869 1768 919 Plzylis-

101 938 277 977 tinorum
311 937 375 976 for
409 936 733 976 Philistinorum.
789 936 854 974 De
877 936 982 975 unit.
1004 936 1145 975 eccles.
1171 936 1257 974 also
1281 936 1400 975 reads
1422 940 1524 975 ante.
1637 949 1670 974 2.
1701 937 1767 975 De

100 1004 207 1043 um't.
226 1004 366 1043 eccles.
384 1018 401 1042 1
415 1005 457 1042 :6
475 1016 587 1042 same
603 1008 748 1054 except
759 1002 903 1053 begins
918 1003 971 1041 Et
985 1002 1179 1053 apparuit
1192 1002 1268 1041 illi.
1362 1016 1398 1052 3.
1429 1003 1494 1040 De
1506 1002 1611 1041 unit.
1625 1002 1766 1041 eccles.

106 1084 123 1109 1
136 1072 176 1110 :6
192 1071 312 1110 reads
327 1070 461 1109 habita
474 1070 539 1109 for
552 1070 697 1116 incole,·
720 1069 1008 1109 iusiurandum
1023 1073 1148 1108 tecum
1163 1068 1226 1107 for
1239 1068 1510 1108 iuramentum
1524 1081 1668 1117 meum,
1684 1068 1768 1107 and

100 1137 306 1176 Abraham
323 1137 386 1176 for
402 1136 599 1176 Abrahae.
645 1136 709 1176 Cf.
730 1135 833 1175 Con.
849 1135 984 1175 Cresc.
999 1138 1120 1184 4:61:
1152 1140 1187 1174 et
1202 1139 1386 1184 statuam,
1402 1141 1494 1183 etc.‚
1508 1135 1580 1174 the
1593 1147 1705 1174 same
1722 1148 1768 1173 as

102 1204 169 1243 De
198 1203 293 1252 civ„
325 1210 469 1254 except
500 1203 573 1242 the
611 1202 718 1241 form
755 1202 972 1242 Abraham.
1081 1216 1118 1250 4.
1149 1203 1214 1241 De
1252 1202 1357 1241 unit.
1397 1201 1537 1241 eccles.
1581 1215 1597 1240 1
1612 1203 1654 1240 :6
1692 1201 1768 1240 has

103 1270 303 1321 ampliabo
322 1270 385 1309 for
403 1269 693 1320 multiplicabo;
726 1269 830 1309 adds
848 1269 921 1308 tibi
939 1273 973 1308 et
992 1269 1098 1308 aster
1117 1269 1230 1318 dabo,
1243 1268 1378 1308 which
1394 1268 1497 1308 Con.
1513 1268 1648 1307 Cresc.
1663 1270 1764 1315 4:61

102 1337 273 1386 follows,
303 1336 498 1386 omitting
527 1336 640 1375 hanc.
752 1348 786 1386 5.
818 1335 921 1375 Con.
943 1335 1063 1386 epist.
1086 1336 1179 1375 Par.
1205 1348 1276 1374 122
1298 1335 1374 1374 has
1394 1334 1546 1374 audivit
1566 1334 1629 1373 ior
1649 1335 1768 1373 obau-

102 1403 211 1443 divit.
268 1404 333 1442 De
368 1403 473 1442 unit.
508 1403 649 1442 eccles.
689 1405 780 1441 1:6:
821 1403 902 1441 Pro
934 1402 996 1441 liis
1023 1415 1123 1453 quae
1153 1433 1161 1441 .
1194 1433 1201 1441 .
1234 1433 1242 1441 .
1275 1433 1283 1441 .
1313 1406 1347 1441 et
1372 1401 1534 1441 servavit
1560 1405 1769 1452 praecepta

103 1483 203 1519 mea,
227 1474 262 1509 et
282 1469 461 1510 iustitias
483 1482 605 1518 meas,
628 1473 662 1508 et
683 1469 859 1520 legitima
880 1482 980 1508 mea.
1091 1482 1152 1517 24.
1183 1468 1248 1508 Cf.
1269 1468 1391 1519 Oper.
1410 1467 1554 1519 imper.
1573 1480 1664 1507 con.
1684 1468 1767 1518 Jul.

102 1550 145 1587 3:
158 1548 224 1587 52:
260 1536 426 1576 Faciam
446 1536 518 1575 tibi
542 1540 701 1586 propter
719 1536 925 1575 Abraham
945 1540 1096 1586 patrem
1117 1540 1242 1575 tuum.

816 1645 991 1678 CHAPTER
1017 1654 1056 1685 27

182 1728 219 1765 9.
249 1714 418 1764 Quaest.
455 1725 599 1764 1:117:
645 1713 770 1753 Curre
802 1714 853 1752 ad
884 1726 967 1753 oves
998 1718 1032 1752 et
1063 1713 1197 1764 accipe
1227 1713 1330 1752 mihi
1360 1713 1453 1752 inde
1482 1713 1581 1753 duos
1612 1712 1769 1752 haedos.

105 1793 166 1831 27.
196 1781 262 1820 De
280 1780 359 1820 civ.
384 1782 528 1831 16:37:
557 1781 657 1820 Ecce
672 1780 858 1832 odorfilii
876 1779 954 1820 mei
973 1784 1188 1831 tamquam,
1206 1785 1284 1819 etc.
1397 1782 1457 1819 28.
1489 1780 1630 1819 Sermo
1646 1791 1769 1829 4:25:

101 1849 155 1887 Et
171 1847 280 1887 dabit
296 1847 369 1886 tibi
384 1847 587 1887 Dominus
604 1847 651 1886 de
667 1860 752 1886 rore
769 1847 866 1887 coeli
883 1847 1105 1895 desursum,
1124 1851 1159 1886 et
1176 1846 1224 1886 ab
1241 1846 1412 1886 ubertate
1430 1851 1565 1895 terrae,
1585 1850 1619 1885 et
1635 1845 1770 1885 multi-

101 1914 281 1954 tudinem
301 1914 500 1965 frumenti
530 1918 564 1953 et
593 1914 690 1953 vini.
802 1927 863 1964 29.
894 1914 1035 1953 Sermo
1065 1925 1187 1964 4:25:
1231 1914 1285 1952 Et
1314 1913 1478 1952 servient
1517 1913 1589 1952 tibi
1625 1917 1767 1963 gentes,

102 1985 137 2020 et
155 1981 233 2020 eris
250 1980 437 2021 dominus
448 1980 593 2031 fratris
612 1980 686 2029 tui,
705 1985 741 2020 et
760 1981 980 2020 adorabunt
999 1984 1033 2019 te
1043 1980 1130 2031 filii
1148 1980 1276 2031 patris
1296 1980 1369 2019 tui.
1425 1979 1506 2030 Qui
1523 1979 1772 2018 maledixerit

103 2052 137 2087 te
153 2047 385 2087 maledictus
403 2047 488 2096 erit,
507 2052 542 2087 et
558 2047 628 2098 qui
646 2047 884 2087 benedixerit
902 2047 1124 2086 benedictus
1142 2046 1225 2086 erit.
1335 2060 1398 2097 31.
1430 2046 1495 2086 Cf.
1516 2047 1657 2086 Sermo
1677 2058 1770 2097 5:42

103 2115 235 2163 Pater,
264 2114 476 2163 manduca,
505 2114 608 2154 sicut
634 2114 804 2154 voluisti.
913 2127 977 2164 32.
1008 2114 1148 2153 Sermo
1176 2126 1297 2162 4:20:
1339 2113 1450 2152 Dicit
1476 2113 1559 2152 ille:
1601 2113 1702 2163 Quis
1730 2126 1770 2152 es

103 2182 177 2220 tu?
241 2180 477 2231 Respondit:
529 2181 613 2231 Ego
651 2193 741 2220 sum
770 2180 888 2231 filius
923 2184 1015 2220 tuus
1049 2180 1178 2219 maior
1211 2181 1338 2220 Esau.
1446 2193 1510 2230 33.
1541 2180 1682 2219 Sermo
1717 2193 1761 2227 4:

107 2249 155 2286 26
171 2253 319 2298 quotes
333 2252 430 2297 part
445 2247 488 2286 of
503 2247 575 2286 the
592 2260 719 2286 verse.
776 2247 917 2287 Sermo
933 2260 975 2295 4:
989 2260 1037 2286 20
1053 2247 1136 2286 and
1153 2247 1293 2287 Sermo
1311 2258 1331 2297 5
1343 2260 1386 2294 :4
1402 2246 1509 2285 have
1524 2259 1578 2285 an
1594 2247 1770 2297 adapta-

103 2314 193 2353 tion
219 2313 262 2353 of
286 2313 359 2352 the
384 2326 513 2352 verse.
621 2325 684 2364 35.
716 2314 856 2354 Sermo
882 2325 984 2364 4:15
1012 2314 1132 2353 reads
1158 2313 1319 2353 abstulit
1344 2313 1407 2352 ior
1433 2313 1594 2363 accepit.
1703 2325 1767 2363 37.

106 2380 171 2420 Cf.
195 2380 335 2420 Sermo
357 2392 450 2431 514:
482 2380 578 2420 Eris
593 2393 724 2420 servus
730 2380 875 2431 fratris
895 2380 956 2420 tui
975 2393 1065 2420 cum
1083 2380 1200 2420 illum
1215 2380 1331 2419 talem
1342 2380 1426 2431 feci
1445 2380 1517 2419 tibi
1535 2380 1632 2431 quid
1651 2379 1770 2418 liabeo

103 2447 209 2486 dare.
317 2459 380 2497 39.
412 2446 476 2486 Cf.
505 2447 646 2486 Sermo
671 2459 793 2497 4:32:
831 2448 944 2496 Ecce,
971 2447 1019 2486 ab
1043 2447 1213 2486 ubertate
1239 2451 1361 2486 terrae
1386 2446 1458 2485 erit
1483 2446 1555 2485 tibi
1580 2446 1770 2485 habitatio

101 2518 137 2553 et
176 2526 200 2552 a
239 2526 323 2552 rore
362 2513 469 2553 coeli.
593 2527 656 2562 40.
693 2513 796 2553 Con.
835 2514 978 2553 Faust.
1019 2516 1164 2552 22:82:
1215 2513 1311 2553 Eris
1346 2526 1478 2553 servus
1510 2513 1655 2563 fratris
1691 2513 1765 2552 tui.

106 2581 247 2620 Sermo
269 2592 362 2630 5:42
394 2581 447 2619 Et
465 2580 538 2619 erit
556 2580 628 2620 tibi
646 2580 717 2630 sic,
737 2593 828 2620 cum
846 2579 1003 2620 solveris
1022 2581 1162 2631 iugum
1181 2580 1268 2620 eius
1287 2593 1312 2619 a
1331 2580 1471 2619 cervice
1489 2584 1570 2619 tua.

818 2689 992 2723 CHAPTER
1018 2691 1057 2722 28

187 2771 221 2797 2.
252 2758 421 2808 Quaest.
452 2759 569 2796 1:82:
613 2758 722 2798 Vade
744 2758 792 2797 in
814 2758 1165 2809 Mesopotamiam,
1191 2764 1285 2807 etc„
1310 2758 1411 2797 With
1436 2758 1520 2797 this
1545 2763 1772 2796 comment:

105 2824 245 2864 Graeci
272 2824 420 2864 codices
447 2837 528 2863 non
556 2824 697 2864 liabent
730 2824 889 2864 “vade''
923 2825 990 2864 sed
1022 2824 1192 2875 “suge”
1249 2825 1318 2864 lzoc
1346 2829 1400 2863 est
1427 2821 1620 2871 απόδραθι.
1730 2837 1767 2871 4.

104 2891 201 2930 Loc.
235 2904 378 2930 1:102:
420 2892 473 2930 Et
500 2891 560 2930 det
588 2891 659 2930 tibi
695 2891 1000 2930 benedictionem
1027 2891 1155 2942 patris
1190 2891 1251 2931 tui
1284 2891 1501 2930 Abraham.
1615 2904 1673 2929 10.
1706 2891 1772 2929 De

104 2958 210 2996 unit.
230 2958 370 2997 eccles.
402 2959 474 2996 126
501 2958 620 2997 reads
645 2957 854 2997 Charram.
967 2972 1026 2997 11.
1058 2958 1122 2996 De
1148 2958 1254 2996 unit.
1283 2958 1422 2997 eccles.
1453 2959 1543 2996 1:6:
1576 2957 1773 2996 Dormivit

106 3024 152 3063 in
175 3024 256 3063 loco
280 3024 362 3073 illo,
389 3024 578 3075 quoniam
602 3024 698 3063 solis
723 3037 882 3064 occasus
907 3030 1006 3072 erat,·
1045 3029 1078 3064 et
1103 3024 1275 3074 sumpsit
1299 3024 1474 3075 lapidem
1499 3037 1544 3063 ex
1568 3023 1773 3074 lapidibus
