<?xml version="1.0" encoding="UTF-8"?>
<!DOCTYPE html PUBLIC "-//W3C//DTD XHTML 1.0 Transitional//EN"
    "http://www.w3.org/TR/xhtml1/DTD/xhtml1-transitional.dtd">
<html xmlns="http://www.w3.org/1999/xhtml" xml:lang="en" lang="en">
 <head>
  <title>
</title>
<meta http-equiv="Content-Type" content="text/html;charset=utf-8" />
  <meta name='ocr-system' content='tesseract 3.04.00' />
  <meta name='ocr-capabilities' content='ocr_page ocr_carea ocr_par ocr_line ocrx_word'/>
</head>
<body>
  <div class='ocr_page' id='page_1' title='image "./studyofaugustine00mcinrich_0042.png"; bbox 0 0 2309 3583; ppageno 0'>
   <div class='ocr_carea' id='block_1_1' title="bbox 496 286 1922 330">
    <p class='ocr_par' dir='ltr' id='par_1_1' title="bbox 496 286 1922 330">
     <span class='ocr_line' id='line_1_1' title="bbox 496 286 1922 330; baseline 0.002 -3"><span class='ocrx_word' id='word_1_1' title='bbox 496 286 548 327; x_wconf 87' lang='lat'>26</span> <span class='ocrx_word' id='word_1_2' title='bbox 723 297 754 327; x_wconf 92' lang='lat' dir='ltr'><strong>A</strong></span> <span class='ocrx_word' id='word_1_3' title='bbox 784 296 932 328; x_wconf 87' lang='lat' dir='ltr'>STUDY</span> <span class='ocrx_word' id='word_1_4' title='bbox 962 297 1019 328; x_wconf 88' lang='lat' dir='ltr'>OF</span> <span class='ocrx_word' id='word_1_5' title='bbox 1047 286 1355 329; x_wconf 82' lang='lat' dir='ltr'>AUGUSTINE&#39;S</span> <span class='ocrx_word' id='word_1_6' title='bbox 1384 298 1610 329; x_wconf 91' lang='lat' dir='ltr'>VERSIONS</span> <span class='ocrx_word' id='word_1_7' title='bbox 1641 299 1698 329; x_wconf 87' lang='lat' dir='ltr'>OF</span> <span class='ocrx_word' id='word_1_8' title='bbox 1728 299 1922 330; x_wconf 90' lang='lat' dir='ltr'>GENESIS</span> 
     </span>
    </p>
   </div>
   <div class='ocr_carea' id='block_1_2' title="bbox 487 410 2150 795">
    <p class='ocr_par' dir='ltr' id='par_1_2' title="bbox 487 410 2150 795">
     <span class='ocr_line' id='line_1_2' title="bbox 489 410 2148 464; baseline 0.002 -15"><span class='ocrx_word' id='word_1_9' title='bbox 489 410 567 462; x_wconf 90' lang='lat' dir='ltr'>ipsi</span> <span class='ocrx_word' id='word_1_10' title='bbox 605 410 715 461; x_wconf 90' lang='lat' dir='ltr'>patri</span> <span class='ocrx_word' id='word_1_11' title='bbox 755 411 940 450; x_wconf 91' lang='lat' dir='ltr'>omnium</span> <span class='ocrx_word' id='word_1_12' title='bbox 979 412 1169 461; x_wconf 88' lang='lat' dir='ltr'>filiorum,</span> <span class='ocrx_word' id='word_1_13' title='bbox 1210 412 1362 462; x_wconf 88' lang='lat' dir='ltr'>Heber,</span> <span class='ocrx_word' id='word_1_14' title='bbox 1403 412 1520 452; x_wconf 80' lang='lat' dir='ltr'>fratri</span> <span class='ocrx_word' id='word_1_15' title='bbox 1561 412 1743 464; x_wconf 91' lang='lat' dir='ltr'>Iapheth</span> <span class='ocrx_word' id='word_1_16' title='bbox 1783 413 1942 453; x_wconf 91' lang='lat' dir='ltr'>maiori.</span> <span class='ocrx_word' id='word_1_17' title='bbox 2001 426 2019 452; x_wconf 87' lang='lat'>2</span> <span class='ocrx_word' id='word_1_18' title='bbox 2027 424 2061 464; x_wconf 88' lang='lat'>5.</span> <span class='ocrx_word' id='word_1_19' title='bbox 2092 413 2148 453; x_wconf 92' lang='lat' dir='ltr'>Et</span> 
     </span>
     <span class='ocr_line' id='line_1_3' title="bbox 489 477 2145 530; baseline 0.001 -14"><span class='ocrx_word' id='word_1_20' title='bbox 489 477 628 516; x_wconf 88' lang='lat' dir='ltr'>Heber</span> <span class='ocrx_word' id='word_1_21' title='bbox 658 477 746 516; x_wconf 91' lang='lat' dir='ltr'>nati</span> <span class='ocrx_word' id='word_1_22' title='bbox 777 483 874 517; x_wconf 89' lang='lat' dir='ltr'>sunt</span> <span class='ocrx_word' id='word_1_23' title='bbox 904 478 975 517; x_wconf 87' lang='lat' dir='ltr'>filii</span> <span class='ocrx_word' id='word_1_24' title='bbox 1007 478 1107 518; x_wconf 90' lang='lat' dir='ltr'>duo:</span> <span class='ocrx_word' id='word_1_25' title='bbox 1152 492 1302 518; x_wconf 89' lang='lat' dir='ltr'>nomen</span> <span class='ocrx_word' id='word_1_26' title='bbox 1333 479 1454 518; x_wconf 89' lang='lat' dir='ltr'>unius</span> <span class='ocrx_word' id='word_1_27' title='bbox 1484 479 1648 529; x_wconf 89' lang='lat' dir='ltr'>Phalec,</span> <span class='ocrx_word' id='word_1_28' title='bbox 1681 480 1779 530; x_wconf 92' lang='lat' dir='ltr'>quia</span> <span class='ocrx_word' id='word_1_29' title='bbox 1809 479 1852 518; x_wconf 91' lang='lat' dir='ltr'>in</span> <span class='ocrx_word' id='word_1_30' title='bbox 1883 479 2028 519; x_wconf 90' lang='lat' dir='ltr'>diebus</span> <span class='ocrx_word' id='word_1_31' title='bbox 2058 479 2145 518; x_wconf 90' lang='lat' dir='ltr'>eius</span> 
     </span>
     <span class='ocr_line' id='line_1_4' title="bbox 490 543 2150 596; baseline 0.001 -13"><span class='ocrx_word' id='word_1_32' title='bbox 490 543 623 583; x_wconf 89' lang='lat' dir='ltr'>divisa</span> <span class='ocrx_word' id='word_1_33' title='bbox 644 550 707 583; x_wconf 91' lang='lat' dir='ltr'>est</span> <span class='ocrx_word' id='word_1_34' title='bbox 729 550 852 584; x_wconf 91' lang='lat' dir='ltr'>terra.</span> <span class='ocrx_word' id='word_1_35' title='bbox 897 558 960 595; x_wconf 85' lang='lat'>31.</span> <span class='ocrx_word' id='word_1_36' title='bbox 990 545 1045 583; x_wconf 95' lang='lat' dir='ltr'>Hi</span> <span class='ocrx_word' id='word_1_37' title='bbox 1063 545 1134 584; x_wconf 89' lang='lat' dir='ltr'>filii</span> <span class='ocrx_word' id='word_1_38' title='bbox 1155 546 1249 585; x_wconf 88' lang='lat' dir='ltr'>Sem</span> <span class='ocrx_word' id='word_1_39' title='bbox 1264 545 1307 584; x_wconf 91' lang='lat' dir='ltr'>in</span> <span class='ocrx_word' id='word_1_40' title='bbox 1324 545 1516 585; x_wconf 83' lang='lat' dir='ltr'><strong>tribubus</strong></span> <span class='ocrx_word' id='word_1_41' title='bbox 1531 546 1613 585; x_wconf 91' lang='lat' dir='ltr'>suis</span> <span class='ocrx_word' id='word_1_42' title='bbox 1630 545 1858 585; x_wconf 90' lang='lat' dir='ltr'>secundum</span> <span class='ocrx_word' id='word_1_43' title='bbox 1872 546 2033 596; x_wconf 82' lang='lat' dir='ltr'>linguas</span> <span class='ocrx_word' id='word_1_44' title='bbox 2054 558 2150 585; x_wconf 89' lang='lat' dir='ltr'>suas</span> 
     </span>
     <span class='ocr_line' id='line_1_5' title="bbox 487 610 2149 663; baseline 0.001 -14"><span class='ocrx_word' id='word_1_45' title='bbox 487 610 531 649; x_wconf 91' lang='lat' dir='ltr'>in</span> <span class='ocrx_word' id='word_1_46' title='bbox 562 610 795 660; x_wconf 85' lang='lat' dir='ltr'>regionibus</span> <span class='ocrx_word' id='word_1_47' title='bbox 827 611 909 650; x_wconf 91' lang='lat' dir='ltr'>suis</span> <span class='ocrx_word' id='word_1_48' title='bbox 941 617 983 650; x_wconf 91' lang='lat' dir='ltr'>et</span> <span class='ocrx_word' id='word_1_49' title='bbox 1013 611 1056 650; x_wconf 90' lang='lat' dir='ltr'>in</span> <span class='ocrx_word' id='word_1_50' title='bbox 1088 611 1280 662; x_wconf 87' lang='lat' dir='ltr'>gentibus</span> <span class='ocrx_word' id='word_1_51' title='bbox 1312 612 1407 652; x_wconf 90' lang='lat' dir='ltr'>suis.</span> <span class='ocrx_word' id='word_1_52' title='bbox 1463 625 1527 663; x_wconf 84' lang='lat'>32.</span> <span class='ocrx_word' id='word_1_53' title='bbox 1556 613 1648 652; x_wconf 89' lang='lat' dir='ltr'>Hae</span> <span class='ocrx_word' id='word_1_54' title='bbox 1680 612 1814 651; x_wconf 91' lang='lat' dir='ltr'>tribus</span> <span class='ocrx_word' id='word_1_55' title='bbox 1846 612 2025 651; x_wconf 90' lang='lat' dir='ltr'>filiorum</span> <span class='ocrx_word' id='word_1_56' title='bbox 2057 613 2149 651; x_wconf 89' lang='lat' dir='ltr'>Noe</span> 
     </span>
     <span class='ocr_line' id='line_1_6' title="bbox 489 676 2150 728; baseline 0.001 -12"><span class='ocrx_word' id='word_1_57' title='bbox 489 676 715 716; x_wconf 87' lang='lat' dir='ltr'>secundum</span> <span class='ocrx_word' id='word_1_58' title='bbox 743 678 1026 728; x_wconf 84' lang='lat' dir='ltr'>generationes</span> <span class='ocrx_word' id='word_1_59' title='bbox 1055 691 1210 726; x_wconf 89' lang='lat' dir='ltr'>eorum,</span> <span class='ocrx_word' id='word_1_60' title='bbox 1240 678 1467 717; x_wconf 90' lang='lat' dir='ltr'>secundum</span> <span class='ocrx_word' id='word_1_61' title='bbox 1496 684 1639 728; x_wconf 80' lang='lat' dir='ltr'>gentes</span> <span class='ocrx_word' id='word_1_62' title='bbox 1668 691 1823 718; x_wconf 87' lang='lat' dir='ltr'>eorum.</span> <span class='ocrx_word' id='word_1_63' title='bbox 1879 679 1944 718; x_wconf 92' lang='lat' dir='ltr'>Ab</span> <span class='ocrx_word' id='word_1_64' title='bbox 1975 677 2039 717; x_wconf 93' lang='lat' dir='ltr'>his</span> <span class='ocrx_word' id='word_1_65' title='bbox 2070 678 2150 717; x_wconf 89' lang='lat' dir='ltr'>dis-</span> 
     </span>
     <span class='ocr_line' id='line_1_7' title="bbox 488 744 1781 795; baseline 0.001 -13"><span class='ocrx_word' id='word_1_66' title='bbox 488 756 631 794; x_wconf 83' lang='lat' dir='ltr'>persae</span> <span class='ocrx_word' id='word_1_67' title='bbox 649 750 746 783; x_wconf 92' lang='lat' dir='ltr'>sunt</span> <span class='ocrx_word' id='word_1_68' title='bbox 763 744 920 784; x_wconf 88' lang='lat' dir='ltr'>insulae</span> <span class='ocrx_word' id='word_1_69' title='bbox 937 744 1123 794; x_wconf 89' lang='lat' dir='ltr'>gentium</span> <span class='ocrx_word' id='word_1_70' title='bbox 1141 757 1262 795; x_wconf 90' lang='lat' dir='ltr'>super</span> <span class='ocrx_word' id='word_1_71' title='bbox 1279 750 1433 784; x_wconf 89' lang='lat' dir='ltr'>terram</span> <span class='ocrx_word' id='word_1_72' title='bbox 1450 750 1546 795; x_wconf 90' lang='lat' dir='ltr'>post</span> <span class='ocrx_word' id='word_1_73' title='bbox 1564 744 1781 784; x_wconf 90' lang='lat' dir='ltr'>diluvium.</span> 
     </span>
    </p>
   </div>
   <div class='ocr_carea' id='block_1_3' title="bbox 1201 863 1438 897">
    <p class='ocr_par' dir='ltr' id='par_1_3' title="bbox 1201 863 1438 897">
     <span class='ocr_line' id='line_1_8' title="bbox 1201 863 1438 897; baseline 0 -1"><span class='ocrx_word' id='word_1_74' title='bbox 1201 863 1375 897; x_wconf 79' lang='lat' dir='ltr'>CHAPTER</span> <span class='ocrx_word' id='word_1_75' title='bbox 1401 874 1438 896; x_wconf 92' lang='lat'>11</span> 
     </span>
    </p>
   </div>
   <div class='ocr_carea' id='block_1_4' title="bbox 486 942 2151 3052">
    <p class='ocr_par' dir='ltr' id='par_1_4' title="bbox 486 942 2151 3052">
     <span class='ocr_line' id='line_1_9' title="bbox 573 942 2150 982; baseline 0 -1"><span class='ocrx_word' id='word_1_76' title='bbox 573 956 606 982; x_wconf 81' lang='lat'>1.</span> <span class='ocrx_word' id='word_1_77' title='bbox 637 942 692 981; x_wconf 94' lang='lat' dir='ltr'>Et</span> <span class='ocrx_word' id='word_1_78' title='bbox 719 948 808 982; x_wconf 89' lang='lat' dir='ltr'>erat</span> <span class='ocrx_word' id='word_1_79' title='bbox 835 942 968 981; x_wconf 91' lang='lat' dir='ltr'>omnis</span> <span class='ocrx_word' id='word_1_80' title='bbox 995 948 1105 982; x_wconf 88' lang='lat' dir='ltr'>terra</span> <span class='ocrx_word' id='word_1_81' title='bbox 1132 942 1289 981; x_wconf 90' lang='lat' dir='ltr'>labium</span> <span class='ocrx_word' id='word_1_82' title='bbox 1317 955 1447 981; x_wconf 90' lang='lat' dir='ltr'>unum</span> <span class='ocrx_word' id='word_1_83' title='bbox 1474 948 1516 981; x_wconf 91' lang='lat' dir='ltr'>et</span> <span class='ocrx_word' id='word_1_84' title='bbox 1544 955 1625 981; x_wconf 86' lang='lat' dir='ltr'>vox</span> <span class='ocrx_word' id='word_1_85' title='bbox 1652 956 1735 982; x_wconf 91' lang='lat' dir='ltr'>una</span> <span class='ocrx_word' id='word_1_86' title='bbox 1762 942 1969 982; x_wconf 89' lang='lat' dir='ltr'>omnibus.</span> <span class='ocrx_word' id='word_1_87' title='bbox 2028 955 2062 982; x_wconf 89' lang='lat'>2.</span> <span class='ocrx_word' id='word_1_88' title='bbox 2094 943 2150 981; x_wconf 87' lang='lat' dir='ltr'>Et</span> 
     </span>
     <span class='ocr_line' id='line_1_10' title="bbox 489 1008 2147 1060; baseline 0 -13"><span class='ocrx_word' id='word_1_89' title='bbox 489 1008 648 1048; x_wconf 80' lang='lat' dir='ltr'>factum</span> <span class='ocrx_word' id='word_1_90' title='bbox 667 1014 743 1058; x_wconf 88' lang='lat' dir='ltr'>est,</span> <span class='ocrx_word' id='word_1_91' title='bbox 765 1021 859 1048; x_wconf 89' lang='lat' dir='ltr'>curn</span> <span class='ocrx_word' id='word_1_92' title='bbox 879 1014 1093 1048; x_wconf 88' lang='lat' dir='ltr'>moverent</span> <span class='ocrx_word' id='word_1_93' title='bbox 1112 1008 1190 1059; x_wconf 90' lang='lat' dir='ltr'>ipsi</span> <span class='ocrx_word' id='word_1_94' title='bbox 1210 1008 1264 1048; x_wconf 88' lang='lat' dir='ltr'>ab</span> <span class='ocrx_word' id='word_1_95' title='bbox 1285 1008 1466 1058; x_wconf 79' lang='lat' dir='ltr'>Oriente,</span> <span class='ocrx_word' id='word_1_96' title='bbox 1487 1008 1735 1047; x_wconf 89' lang='lat' dir='ltr'>invenerunt</span> <span class='ocrx_word' id='word_1_97' title='bbox 1757 1021 1952 1060; x_wconf 88' lang='lat' dir='ltr'>campum</span> <span class='ocrx_word' id='word_1_98' title='bbox 1971 1009 2013 1047; x_wconf 88' lang='lat' dir='ltr'>in</span> <span class='ocrx_word' id='word_1_99' title='bbox 2035 1014 2147 1048; x_wconf 89' lang='lat' dir='ltr'>terra</span> 
     </span>
     <span class='ocr_line' id='line_1_11' title="bbox 491 1074 2149 1125; baseline -0.001 -10"><span class='ocrx_word' id='word_1_100' title='bbox 491 1075 672 1115; x_wconf 90' lang='lat' dir='ltr'>Sennaar</span> <span class='ocrx_word' id='word_1_101' title='bbox 685 1081 727 1114; x_wconf 87' lang='lat' dir='ltr'>et</span> <span class='ocrx_word' id='word_1_102' title='bbox 741 1075 1037 1115; x_wconf 88' lang='lat' dir='ltr'>habitaverunt</span> <span class='ocrx_word' id='word_1_103' title='bbox 1048 1075 1118 1114; x_wconf 91' lang='lat' dir='ltr'>ibi.</span> <span class='ocrx_word' id='word_1_104' title='bbox 1174 1088 1211 1125; x_wconf 84' lang='lat'>3.</span> <span class='ocrx_word' id='word_1_105' title='bbox 1240 1075 1297 1114; x_wconf 90' lang='lat' dir='ltr'>Et</span> <span class='ocrx_word' id='word_1_106' title='bbox 1309 1074 1412 1114; x_wconf 83' lang='lat' dir='ltr'>dixit</span> <span class='ocrx_word' id='word_1_107' title='bbox 1424 1074 1548 1114; x_wconf 90' lang='lat' dir='ltr'>homo</span> <span class='ocrx_word' id='word_1_108' title='bbox 1559 1075 1763 1125; x_wconf 88' lang='lat' dir='ltr'>proximo:</span> <span class='ocrx_word' id='word_1_109' title='bbox 1785 1075 1934 1115; x_wconf 88' lang='lat' dir='ltr'>Venite</span> <span class='ocrx_word' id='word_1_110' title='bbox 1947 1075 2149 1115; x_wconf 85' lang='lat' dir='ltr'>faciamus</span> 
     </span>
     <span class='ocr_line' id='line_1_12' title="bbox 487 1139 2147 1192; baseline 0 -12"><span class='ocrx_word' id='word_1_111' title='bbox 487 1141 636 1181; x_wconf 87' lang='lat' dir='ltr'>lateres</span> <span class='ocrx_word' id='word_1_112' title='bbox 656 1147 698 1180; x_wconf 89' lang='lat' dir='ltr'>et</span> <span class='ocrx_word' id='word_1_113' title='bbox 718 1154 943 1192; x_wconf 88' lang='lat' dir='ltr'>coquamus</span> <span class='ocrx_word' id='word_1_114' title='bbox 962 1141 1052 1180; x_wconf 91' lang='lat' dir='ltr'>illos</span> <span class='ocrx_word' id='word_1_115' title='bbox 1071 1139 1168 1191; x_wconf 88' lang='lat' dir='ltr'>igni.</span> <span class='ocrx_word' id='word_1_116' title='bbox 1225 1141 1281 1179; x_wconf 92' lang='lat' dir='ltr'>Et</span> <span class='ocrx_word' id='word_1_117' title='bbox 1301 1141 1401 1180; x_wconf 83' lang='lat' dir='ltr'>facti</span> <span class='ocrx_word' id='word_1_118' title='bbox 1423 1146 1520 1180; x_wconf 92' lang='lat' dir='ltr'>sunt</span> <span class='ocrx_word' id='word_1_119' title='bbox 1540 1141 1618 1180; x_wconf 89' lang='lat' dir='ltr'>illis</span> <span class='ocrx_word' id='word_1_120' title='bbox 1639 1141 1787 1181; x_wconf 87' lang='lat' dir='ltr'>lateres</span> <span class='ocrx_word' id='word_1_121' title='bbox 1807 1142 1851 1180; x_wconf 92' lang='lat' dir='ltr'>in</span> <span class='ocrx_word' id='word_1_122' title='bbox 1879 1141 2074 1192; x_wconf 85' lang='lat' dir='ltr'>lapidem,</span> <span class='ocrx_word' id='word_1_123' title='bbox 2105 1147 2147 1181; x_wconf 90' lang='lat' dir='ltr'>et</span> 
     </span>
     <span class='ocr_line' id='line_1_13' title="bbox 488 1206 2144 1256; baseline 0.001 -10"><span class='ocrx_word' id='word_1_124' title='bbox 488 1207 676 1247; x_wconf 85' lang='lat' dir='ltr'>bitumen</span> <span class='ocrx_word' id='word_1_125' title='bbox 693 1213 782 1247; x_wconf 91' lang='lat' dir='ltr'>erat</span> <span class='ocrx_word' id='word_1_126' title='bbox 798 1207 875 1246; x_wconf 92' lang='lat' dir='ltr'>illis</span> <span class='ocrx_word' id='word_1_127' title='bbox 892 1207 1040 1247; x_wconf 90' lang='lat' dir='ltr'>lutum.</span> <span class='ocrx_word' id='word_1_128' title='bbox 1095 1220 1132 1255; x_wconf 91' lang='lat'>4.</span> <span class='ocrx_word' id='word_1_129' title='bbox 1163 1207 1219 1245; x_wconf 93' lang='lat' dir='ltr'>Et</span> <span class='ocrx_word' id='word_1_130' title='bbox 1236 1206 1444 1246; x_wconf 86' lang='lat' dir='ltr'>dixerunt:</span> <span class='ocrx_word' id='word_1_131' title='bbox 1475 1206 1636 1256; x_wconf 89' lang='lat' dir='ltr'>Venite,</span> <span class='ocrx_word' id='word_1_132' title='bbox 1655 1207 1919 1247; x_wconf 88' lang='lat' dir='ltr'>aedificemus</span> <span class='ocrx_word' id='word_1_133' title='bbox 1936 1208 2144 1247; x_wconf 89' lang='lat' dir='ltr'>nobismet</span> 
     </span>
     <span class='ocr_line' id='line_1_14' title="bbox 487 1273 2148 1325; baseline 0 -12"><span class='ocrx_word' id='word_1_134' title='bbox 487 1274 587 1325; x_wconf 92' lang='lat' dir='ltr'>ipsis</span> <span class='ocrx_word' id='word_1_135' title='bbox 605 1274 819 1313; x_wconf 89' lang='lat' dir='ltr'>civitatem</span> <span class='ocrx_word' id='word_1_136' title='bbox 838 1279 879 1312; x_wconf 92' lang='lat' dir='ltr'>et</span> <span class='ocrx_word' id='word_1_137' title='bbox 898 1279 1067 1322; x_wconf 84' lang='lat' dir='ltr'>turrem,</span> <span class='ocrx_word' id='word_1_138' title='bbox 1088 1273 1203 1312; x_wconf 91' lang='lat' dir='ltr'>cuius</span> <span class='ocrx_word' id='word_1_139' title='bbox 1222 1278 1348 1324; x_wconf 88' lang='lat' dir='ltr'>caput</span> <span class='ocrx_word' id='word_1_140' title='bbox 1368 1273 1445 1312; x_wconf 89' lang='lat' dir='ltr'>erit</span> <span class='ocrx_word' id='word_1_141' title='bbox 1464 1286 1593 1324; x_wconf 88' lang='lat' dir='ltr'>usque</span> <span class='ocrx_word' id='word_1_142' title='bbox 1613 1273 1667 1313; x_wconf 91' lang='lat' dir='ltr'>ad</span> <span class='ocrx_word' id='word_1_143' title='bbox 1686 1274 1859 1322; x_wconf 86' lang='lat' dir='ltr'>caelum,</span> <span class='ocrx_word' id='word_1_144' title='bbox 1880 1279 1923 1313; x_wconf 90' lang='lat' dir='ltr'>et</span> <span class='ocrx_word' id='word_1_145' title='bbox 1942 1274 2148 1314; x_wconf 78' lang='lat' dir='ltr'>faciamus</span> 
     </span>
     <span class='ocr_line' id='line_1_15' title="bbox 487 1339 2145 1391; baseline 0.001 -12"><span class='ocrx_word' id='word_1_146' title='bbox 487 1345 675 1379; x_wconf 89' lang='lat' dir='ltr'>nostrum</span> <span class='ocrx_word' id='word_1_147' title='bbox 710 1353 859 1379; x_wconf 91' lang='lat' dir='ltr'>nomen</span> <span class='ocrx_word' id='word_1_148' title='bbox 893 1345 1120 1390; x_wconf 88' lang='lat' dir='ltr'>antequam</span> <span class='ocrx_word' id='word_1_149' title='bbox 1156 1339 1438 1390; x_wconf 85' lang='lat' dir='ltr'>dispergamur</span> <span class='ocrx_word' id='word_1_150' title='bbox 1472 1339 1516 1378; x_wconf 93' lang='lat' dir='ltr'>in</span> <span class='ocrx_word' id='word_1_151' title='bbox 1551 1340 1699 1379; x_wconf 82' lang='lat' dir='ltr'>faciem</span> <span class='ocrx_word' id='word_1_152' title='bbox 1734 1340 1868 1379; x_wconf 90' lang='lat' dir='ltr'>omnis</span> <span class='ocrx_word' id='word_1_153' title='bbox 1903 1346 2049 1380; x_wconf 85' lang='lat' dir='ltr'>terrae.</span> <span class='ocrx_word' id='word_1_154' title='bbox 2110 1352 2145 1391; x_wconf 88' lang='lat'>5.</span> 
     </span>
     <span class='ocr_line' id='line_1_16' title="bbox 489 1405 2148 1457; baseline 0.001 -12"><span class='ocrx_word' id='word_1_155' title='bbox 489 1407 545 1445; x_wconf 91' lang='lat' dir='ltr'>Et</span> <span class='ocrx_word' id='word_1_156' title='bbox 567 1406 777 1446; x_wconf 90' lang='lat' dir='ltr'>descendit</span> <span class='ocrx_word' id='word_1_157' title='bbox 800 1406 1004 1445; x_wconf 86' lang='lat' dir='ltr'>Dominus</span> <span class='ocrx_word' id='word_1_158' title='bbox 1027 1405 1165 1445; x_wconf 84' lang='lat' dir='ltr'>videre</span> <span class='ocrx_word' id='word_1_159' title='bbox 1188 1405 1403 1446; x_wconf 89' lang='lat' dir='ltr'>civitatem</span> <span class='ocrx_word' id='word_1_160' title='bbox 1426 1412 1467 1445; x_wconf 88' lang='lat' dir='ltr'>et</span> <span class='ocrx_word' id='word_1_161' title='bbox 1489 1411 1646 1446; x_wconf 89' lang='lat' dir='ltr'>turrem</span> <span class='ocrx_word' id='word_1_162' title='bbox 1669 1419 1797 1457; x_wconf 89' lang='lat' dir='ltr'>quam</span> <span class='ocrx_word' id='word_1_163' title='bbox 1819 1406 2148 1447; x_wconf 88' lang='lat' dir='ltr'>aedificaverunt</span> 
     </span>
     <span class='ocr_line' id='line_1_17' title="bbox 487 1472 2145 1524; baseline 0 -12"><span class='ocrx_word' id='word_1_164' title='bbox 487 1473 558 1512; x_wconf 90' lang='lat' dir='ltr'>filii</span> <span class='ocrx_word' id='word_1_165' title='bbox 575 1473 802 1512; x_wconf 89' lang='lat' dir='ltr'>hominum.</span> <span class='ocrx_word' id='word_1_166' title='bbox 858 1475 894 1512; x_wconf 85' lang='lat'>6.</span> <span class='ocrx_word' id='word_1_167' title='bbox 924 1473 980 1512; x_wconf 90' lang='lat' dir='ltr'>Et</span> <span class='ocrx_word' id='word_1_168' title='bbox 999 1472 1102 1512; x_wconf 84' lang='lat' dir='ltr'>dixit</span> <span class='ocrx_word' id='word_1_169' title='bbox 1120 1472 1325 1511; x_wconf 90' lang='lat' dir='ltr'>Dominus</span> <span class='ocrx_word' id='word_1_170' title='bbox 1343 1473 1475 1512; x_wconf 89' lang='lat' dir='ltr'>Deus:</span> <span class='ocrx_word' id='word_1_171' title='bbox 1508 1473 1613 1512; x_wconf 91' lang='lat' dir='ltr'>Ecce</span> <span class='ocrx_word' id='word_1_172' title='bbox 1630 1486 1758 1524; x_wconf 89' lang='lat' dir='ltr'>genus</span> <span class='ocrx_word' id='word_1_173' title='bbox 1776 1486 1907 1512; x_wconf 91' lang='lat' dir='ltr'>unum</span> <span class='ocrx_word' id='word_1_174' title='bbox 1925 1479 1967 1513; x_wconf 88' lang='lat' dir='ltr'>et</span> <span class='ocrx_word' id='word_1_175' title='bbox 1985 1473 2145 1513; x_wconf 91' lang='lat' dir='ltr'>labium</span> 
     </span>
     <span class='ocr_line' id='line_1_18' title="bbox 488 1539 2148 1588; baseline 0.001 -10"><span class='ocrx_word' id='word_1_176' title='bbox 488 1552 618 1578; x_wconf 92' lang='lat' dir='ltr'>unum</span> <span class='ocrx_word' id='word_1_177' title='bbox 634 1539 836 1588; x_wconf 85' lang='lat' dir='ltr'>omnium3</span> <span class='ocrx_word' id='word_1_178' title='bbox 868 1545 909 1578; x_wconf 90' lang='lat' dir='ltr'>et</span> <span class='ocrx_word' id='word_1_179' title='bbox 927 1539 1004 1578; x_wconf 94' lang='lat' dir='ltr'>hoc</span> <span class='ocrx_word' id='word_1_180' title='bbox 1020 1539 1321 1579; x_wconf 91' lang='lat' dir='ltr'>inchoaverunt</span> <span class='ocrx_word' id='word_1_181' title='bbox 1338 1539 1484 1588; x_wconf 79' lang='lat' dir='ltr'>facere,</span> <span class='ocrx_word' id='word_1_182' title='bbox 1504 1546 1545 1579; x_wconf 90' lang='lat' dir='ltr'>et</span> <span class='ocrx_word' id='word_1_183' title='bbox 1563 1552 1672 1579; x_wconf 93' lang='lat' dir='ltr'>nunc</span> <span class='ocrx_word' id='word_1_184' title='bbox 1690 1553 1774 1579; x_wconf 90' lang='lat' dir='ltr'>non</span> <span class='ocrx_word' id='word_1_185' title='bbox 1792 1539 1984 1580; x_wconf 88' lang='lat' dir='ltr'>deficient</span> <span class='ocrx_word' id='word_1_186' title='bbox 2001 1553 2050 1579; x_wconf 84' lang='lat' dir='ltr'>ex</span> <span class='ocrx_word' id='word_1_187' title='bbox 2069 1540 2148 1579; x_wconf 90' lang='lat' dir='ltr'>illis</span> 
     </span>
     <span class='ocr_line' id='line_1_19' title="bbox 488 1605 2148 1657; baseline 0.001 -12"><span class='ocrx_word' id='word_1_188' title='bbox 488 1605 627 1645; x_wconf 91' lang='lat' dir='ltr'>omnia</span> <span class='ocrx_word' id='word_1_189' title='bbox 646 1619 751 1657; x_wconf 90' lang='lat' dir='ltr'>quae</span> <span class='ocrx_word' id='word_1_190' title='bbox 770 1605 908 1645; x_wconf 88' lang='lat' dir='ltr'>conati</span> <span class='ocrx_word' id='word_1_191' title='bbox 926 1605 1080 1645; x_wconf 83' lang='lat' dir='ltr'>fuerint</span> <span class='ocrx_word' id='word_1_192' title='bbox 1098 1605 1244 1645; x_wconf 83' lang='lat' dir='ltr'>iacere.</span> <span class='ocrx_word' id='word_1_193' title='bbox 1302 1617 1336 1656; x_wconf 92' lang='lat'>7.</span> <span class='ocrx_word' id='word_1_194' title='bbox 1365 1605 1527 1655; x_wconf 88' lang='lat' dir='ltr'>Venite,</span> <span class='ocrx_word' id='word_1_195' title='bbox 1547 1612 1588 1646; x_wconf 91' lang='lat' dir='ltr'>et</span> <span class='ocrx_word' id='word_1_196' title='bbox 1607 1606 1901 1646; x_wconf 87' lang='lat' dir='ltr'>descendentes</span> <span class='ocrx_word' id='word_1_197' title='bbox 1920 1607 2148 1646; x_wconf 81' lang='lat' dir='ltr'>confunda-</span> 
     </span>
     <span class='ocr_line' id='line_1_20' title="bbox 489 1671 2149 1724; baseline 0.001 -13"><span class='ocrx_word' id='word_1_198' title='bbox 489 1685 581 1711; x_wconf 91' lang='lat' dir='ltr'>mus</span> <span class='ocrx_word' id='word_1_199' title='bbox 593 1671 775 1722; x_wconf 87' lang='lat' dir='ltr'>linguam</span> <span class='ocrx_word' id='word_1_200' title='bbox 790 1685 944 1721; x_wconf 91' lang='lat' dir='ltr'>eorum,</span> <span class='ocrx_word' id='word_1_201' title='bbox 960 1678 1008 1711; x_wconf 90' lang='lat' dir='ltr'>ut</span> <span class='ocrx_word' id='word_1_202' title='bbox 1022 1685 1105 1711; x_wconf 90' lang='lat' dir='ltr'>non</span> <span class='ocrx_word' id='word_1_203' title='bbox 1121 1671 1294 1711; x_wconf 90' lang='lat' dir='ltr'>audiant</span> <span class='ocrx_word' id='word_1_204' title='bbox 1316 1671 1597 1724; x_wconf 87' lang='lat' dir='ltr'>unusquisque</span> <span class='ocrx_word' id='word_1_205' title='bbox 1616 1686 1760 1712; x_wconf 86' lang='lat' dir='ltr'>vocem</span> <span class='ocrx_word' id='word_1_206' title='bbox 1779 1672 1970 1724; x_wconf 86' lang='lat' dir='ltr'>proximi.</span> <span class='ocrx_word' id='word_1_207' title='bbox 2026 1675 2063 1713; x_wconf 85' lang='lat'>8.</span> <span class='ocrx_word' id='word_1_208' title='bbox 2093 1673 2149 1712; x_wconf 91' lang='lat' dir='ltr'>Et</span> 
     </span>
     <span class='ocr_line' id='line_1_21' title="bbox 489 1737 2150 1789; baseline 0.001 -11"><span class='ocrx_word' id='word_1_209' title='bbox 489 1738 680 1789; x_wconf 87' lang='lat' dir='ltr'>dispersit</span> <span class='ocrx_word' id='word_1_210' title='bbox 708 1752 777 1778; x_wconf 92' lang='lat' dir='ltr'>eos</span> <span class='ocrx_word' id='word_1_211' title='bbox 805 1737 1009 1777; x_wconf 89' lang='lat' dir='ltr'>Dominus</span> <span class='ocrx_word' id='word_1_212' title='bbox 1036 1737 1132 1777; x_wconf 89' lang='lat' dir='ltr'>inde</span> <span class='ocrx_word' id='word_1_213' title='bbox 1160 1751 1281 1789; x_wconf 90' lang='lat' dir='ltr'>super</span> <span class='ocrx_word' id='word_1_214' title='bbox 1308 1738 1456 1778; x_wconf 75' lang='lat' dir='ltr'>faciem</span> <span class='ocrx_word' id='word_1_215' title='bbox 1483 1738 1616 1778; x_wconf 92' lang='lat' dir='ltr'>omnis</span> <span class='ocrx_word' id='word_1_216' title='bbox 1644 1745 1791 1783; x_wconf 84' lang='lat' dir='ltr'>terrae,</span> <span class='ocrx_word' id='word_1_217' title='bbox 1817 1745 1859 1779; x_wconf 89' lang='lat' dir='ltr'>et</span> <span class='ocrx_word' id='word_1_218' title='bbox 1884 1746 2150 1779; x_wconf 83' lang='lat' dir='ltr'>cessaverunt</span> 
     </span>
     <span class='ocr_line' id='line_1_22' title="bbox 489 1804 2149 1856; baseline 0.001 -12"><span class='ocrx_word' id='word_1_219' title='bbox 489 1804 755 1844; x_wconf 89' lang='lat' dir='ltr'>aedificantes</span> <span class='ocrx_word' id='word_1_220' title='bbox 773 1804 989 1844; x_wconf 88' lang='lat' dir='ltr'>civitatem</span> <span class='ocrx_word' id='word_1_221' title='bbox 1007 1811 1048 1844; x_wconf 91' lang='lat' dir='ltr'>et</span> <span class='ocrx_word' id='word_1_222' title='bbox 1067 1811 1235 1844; x_wconf 88' lang='lat' dir='ltr'>turrem.</span> <span class='ocrx_word' id='word_1_223' title='bbox 1291 1819 1328 1855; x_wconf 85' lang='lat'>9.</span> <span class='ocrx_word' id='word_1_224' title='bbox 1357 1806 1530 1856; x_wconf 89' lang='lat' dir='ltr'>Propter</span> <span class='ocrx_word' id='word_1_225' title='bbox 1548 1805 1625 1844; x_wconf 93' lang='lat' dir='ltr'>hoc</span> <span class='ocrx_word' id='word_1_226' title='bbox 1643 1806 1900 1856; x_wconf 89' lang='lat' dir='ltr'>appellatum</span> <span class='ocrx_word' id='word_1_227' title='bbox 1917 1812 1980 1845; x_wconf 89' lang='lat' dir='ltr'>est</span> <span class='ocrx_word' id='word_1_228' title='bbox 1998 1819 2149 1845; x_wconf 91' lang='lat' dir='ltr'>nomen</span> 
     </span>
     <span class='ocr_line' id='line_1_23' title="bbox 487 1870 2150 1922; baseline 0.001 -12"><span class='ocrx_word' id='word_1_229' title='bbox 487 1870 596 1910; x_wconf 92' lang='lat' dir='ltr'>illius</span> <span class='ocrx_word' id='word_1_230' title='bbox 615 1870 813 1921; x_wconf 72' lang='lat' dir='ltr'>confusio,</span> <span class='ocrx_word' id='word_1_231' title='bbox 835 1871 932 1922; x_wconf 89' lang='lat' dir='ltr'>quia</span> <span class='ocrx_word' id='word_1_232' title='bbox 948 1870 1007 1910; x_wconf 91' lang='lat' dir='ltr'>ibi</span> <span class='ocrx_word' id='word_1_233' title='bbox 1027 1870 1215 1911; x_wconf 78' lang='lat' dir='ltr'>confudit</span> <span class='ocrx_word' id='word_1_234' title='bbox 1230 1871 1435 1911; x_wconf 86' lang='lat' dir='ltr'>Dominus</span> <span class='ocrx_word' id='word_1_235' title='bbox 1448 1871 1559 1912; x_wconf 92' lang='lat' dir='ltr'>labia</span> <span class='ocrx_word' id='word_1_236' title='bbox 1574 1872 1708 1912; x_wconf 91' lang='lat' dir='ltr'>omnis</span> <span class='ocrx_word' id='word_1_237' title='bbox 1723 1878 1873 1921; x_wconf 83' lang='lat' dir='ltr'>terrae3</span> <span class='ocrx_word' id='word_1_238' title='bbox 1901 1878 1943 1912; x_wconf 91' lang='lat' dir='ltr'>et</span> <span class='ocrx_word' id='word_1_239' title='bbox 1955 1871 2053 1912; x_wconf 90' lang='lat' dir='ltr'>inde</span> <span class='ocrx_word' id='word_1_240' title='bbox 2070 1871 2150 1912; x_wconf 91' lang='lat' dir='ltr'>dis-</span> 
     </span>
     <span class='ocr_line' id='line_1_24' title="bbox 487 1937 2149 1989; baseline 0.001 -12"><span class='ocrx_word' id='word_1_241' title='bbox 487 1937 616 1988; x_wconf 90' lang='lat' dir='ltr'>persit</span> <span class='ocrx_word' id='word_1_242' title='bbox 628 1937 719 1977; x_wconf 90' lang='lat' dir='ltr'>illos</span> <span class='ocrx_word' id='word_1_243' title='bbox 736 1937 941 1977; x_wconf 89' lang='lat' dir='ltr'>Dominus</span> <span class='ocrx_word' id='word_1_244' title='bbox 958 1939 1072 1977; x_wconf 93' lang='lat' dir='ltr'>Deus</span> <span class='ocrx_word' id='word_1_245' title='bbox 1089 1951 1210 1989; x_wconf 87' lang='lat' dir='ltr'>super</span> <span class='ocrx_word' id='word_1_246' title='bbox 1226 1937 1374 1977; x_wconf 80' lang='lat' dir='ltr'>faciem</span> <span class='ocrx_word' id='word_1_247' title='bbox 1388 1937 1521 1977; x_wconf 90' lang='lat' dir='ltr'>omnis</span> <span class='ocrx_word' id='word_1_248' title='bbox 1541 1943 1686 1978; x_wconf 89' lang='lat' dir='ltr'>terrae.</span> <span class='ocrx_word' id='word_1_249' title='bbox 1733 1952 1793 1979; x_wconf 87' lang='lat'>10.</span> <span class='ocrx_word' id='word_1_250' title='bbox 1823 1939 1878 1978; x_wconf 91' lang='lat' dir='ltr'>Et</span> <span class='ocrx_word' id='word_1_251' title='bbox 1892 1938 1970 1978; x_wconf 90' lang='lat' dir='ltr'>hae</span> <span class='ocrx_word' id='word_1_252' title='bbox 1983 1952 2149 1989; x_wconf 86' lang='lat' dir='ltr'>genera-</span> 
     </span>
     <span class='ocr_line' id='line_1_25' title="bbox 488 2003 2149 2056; baseline 0.001 -13"><span class='ocrx_word' id='word_1_253' title='bbox 488 2003 622 2044; x_wconf 90' lang='lat' dir='ltr'>tiones</span> <span class='ocrx_word' id='word_1_254' title='bbox 637 2005 742 2044; x_wconf 90' lang='lat' dir='ltr'>Sem.</span> <span class='ocrx_word' id='word_1_255' title='bbox 799 2005 892 2044; x_wconf 88' lang='lat' dir='ltr'>Sem</span> <span class='ocrx_word' id='word_1_256' title='bbox 906 2004 1013 2044; x_wconf 89' lang='lat' dir='ltr'>filius</span> <span class='ocrx_word' id='word_1_257' title='bbox 1032 2010 1199 2044; x_wconf 91' lang='lat' dir='ltr'>centum</span> <span class='ocrx_word' id='word_1_258' title='bbox 1220 2017 1435 2054; x_wconf 90' lang='lat' dir='ltr'>annorum,</span> <span class='ocrx_word' id='word_1_259' title='bbox 1458 2018 1551 2044; x_wconf 90' lang='lat' dir='ltr'>cum</span> <span class='ocrx_word' id='word_1_260' title='bbox 1571 2004 1713 2055; x_wconf 90' lang='lat' dir='ltr'>genuit</span> <span class='ocrx_word' id='word_1_261' title='bbox 1733 2005 1948 2056; x_wconf 81' lang='lat' dir='ltr'>Arphaxat</span> <span class='ocrx_word' id='word_1_262' title='bbox 1969 2005 2149 2045; x_wconf 91' lang='lat' dir='ltr'>secundo</span> 
     </span>
     <span class='ocr_line' id='line_1_26' title="bbox 488 2070 2151 2123; baseline 0.001 -13"><span class='ocrx_word' id='word_1_263' title='bbox 488 2084 598 2110; x_wconf 91' lang='lat' dir='ltr'>anno</span> <span class='ocrx_word' id='word_1_264' title='bbox 611 2077 706 2121; x_wconf 91' lang='lat' dir='ltr'>post</span> <span class='ocrx_word' id='word_1_265' title='bbox 723 2070 936 2110; x_wconf 83' lang='lat' dir='ltr'>diluvium.</span> <span class='ocrx_word' id='word_1_266' title='bbox 996 2085 1013 2110; x_wconf 95' lang='lat'>1</span> <span class='ocrx_word' id='word_1_267' title='bbox 1023 2085 1056 2111; x_wconf 89' lang='lat'>1.</span> <span class='ocrx_word' id='word_1_268' title='bbox 1086 2072 1142 2111; x_wconf 89' lang='lat' dir='ltr'>Et</span> <span class='ocrx_word' id='word_1_269' title='bbox 1154 2070 1259 2110; x_wconf 79' lang='lat' dir='ltr'>vixit</span> <span class='ocrx_word' id='word_1_270' title='bbox 1276 2071 1382 2119; x_wconf 90' lang='lat' dir='ltr'>Sem,</span> <span class='ocrx_word' id='word_1_271' title='bbox 1396 2078 1620 2122; x_wconf 87' lang='lat' dir='ltr'>postquam</span> <span class='ocrx_word' id='word_1_272' title='bbox 1632 2071 1774 2122; x_wconf 85' lang='lat' dir='ltr'>genuit</span> <span class='ocrx_word' id='word_1_273' title='bbox 1788 2072 2016 2123; x_wconf 85' lang='lat' dir='ltr'>Arphaxat‚</span> <span class='ocrx_word' id='word_1_274' title='bbox 2032 2071 2151 2123; x_wconf 90' lang='lat' dir='ltr'>quin-</span> 
     </span>
     <span class='ocr_line' id='line_1_27' title="bbox 488 2137 2148 2188; baseline 0.001 -11"><span class='ocrx_word' id='word_1_275' title='bbox 488 2144 634 2188; x_wconf 87' lang='lat' dir='ltr'>gentos</span> <span class='ocrx_word' id='word_1_276' title='bbox 657 2151 788 2177; x_wconf 88' lang='lat' dir='ltr'>annos</span> <span class='ocrx_word' id='word_1_277' title='bbox 812 2144 854 2177; x_wconf 89' lang='lat' dir='ltr'>et</span> <span class='ocrx_word' id='word_1_278' title='bbox 878 2137 1021 2188; x_wconf 88' lang='lat' dir='ltr'>genuit</span> <span class='ocrx_word' id='word_1_279' title='bbox 1045 2137 1150 2177; x_wconf 87' lang='lat' dir='ltr'>filios</span> <span class='ocrx_word' id='word_1_280' title='bbox 1175 2144 1217 2177; x_wconf 89' lang='lat' dir='ltr'>et</span> <span class='ocrx_word' id='word_1_281' title='bbox 1241 2137 1346 2177; x_wconf 90' lang='lat' dir='ltr'>filias</span> <span class='ocrx_word' id='word_1_282' title='bbox 1371 2144 1412 2178; x_wconf 87' lang='lat' dir='ltr'>et</span> <span class='ocrx_word' id='word_1_283' title='bbox 1437 2144 1626 2178; x_wconf 89' lang='lat' dir='ltr'>mortuus</span> <span class='ocrx_word' id='word_1_284' title='bbox 1651 2144 1726 2178; x_wconf 87' lang='lat' dir='ltr'>est.</span> <span class='ocrx_word' id='word_1_285' title='bbox 1786 2152 1845 2178; x_wconf 88' lang='lat'>12.</span> <span class='ocrx_word' id='word_1_286' title='bbox 1877 2139 1932 2178; x_wconf 93' lang='lat' dir='ltr'>Et</span> <span class='ocrx_word' id='word_1_287' title='bbox 1957 2145 2046 2178; x_wconf 88' lang='lat' dir='ltr'>erat</span> <span class='ocrx_word' id='word_1_288' title='bbox 2072 2139 2148 2178; x_wconf 91' lang='lat' dir='ltr'>Ar-</span> 
     </span>
     <span class='ocr_line' id='line_1_28' title="bbox 488 2203 2148 2256; baseline 0.001 -13"><span class='ocrx_word' id='word_1_289' title='bbox 488 2204 645 2255; x_wconf 85' lang='lat' dir='ltr'>phaxat</span> <span class='ocrx_word' id='word_1_290' title='bbox 665 2217 867 2243; x_wconf 90' lang='lat' dir='ltr'>annorum</span> <span class='ocrx_word' id='word_1_291' title='bbox 888 2210 1055 2244; x_wconf 87' lang='lat' dir='ltr'>centum</span> <span class='ocrx_word' id='word_1_292' title='bbox 1075 2204 1247 2255; x_wconf 87' lang='lat' dir='ltr'>triginta</span> <span class='ocrx_word' id='word_1_293' title='bbox 1269 2203 1464 2255; x_wconf 86' lang='lat' dir='ltr'>quinque,</span> <span class='ocrx_word' id='word_1_294' title='bbox 1486 2217 1579 2244; x_wconf 90' lang='lat' dir='ltr'>cum</span> <span class='ocrx_word' id='word_1_295' title='bbox 1600 2204 1742 2255; x_wconf 85' lang='lat' dir='ltr'>genuit</span> <span class='ocrx_word' id='word_1_296' title='bbox 1765 2205 1941 2245; x_wconf 89' lang='lat' dir='ltr'>Cainan.</span> <span class='ocrx_word' id='word_1_297' title='bbox 2002 2219 2061 2256; x_wconf 82' lang='lat'>13.</span> <span class='ocrx_word' id='word_1_298' title='bbox 2092 2206 2148 2245; x_wconf 90' lang='lat' dir='ltr'>Et</span> 
     </span>
     <span class='ocr_line' id='line_1_29' title="bbox 488 2270 2147 2322; baseline 0.001 -13"><span class='ocrx_word' id='word_1_299' title='bbox 488 2270 594 2310; x_wconf 88' lang='lat' dir='ltr'>vixit</span> <span class='ocrx_word' id='word_1_300' title='bbox 608 2270 823 2321; x_wconf 81' lang='lat' dir='ltr'>Arphaxat</span> <span class='ocrx_word' id='word_1_301' title='bbox 836 2277 1060 2322; x_wconf 90' lang='lat' dir='ltr'>postquam</span> <span class='ocrx_word' id='word_1_302' title='bbox 1075 2270 1217 2321; x_wconf 88' lang='lat' dir='ltr'>genuit</span> <span class='ocrx_word' id='word_1_303' title='bbox 1233 2270 1393 2310; x_wconf 90' lang='lat' dir='ltr'>Cainan</span> <span class='ocrx_word' id='word_1_304' title='bbox 1409 2284 1538 2310; x_wconf 90' lang='lat' dir='ltr'>annos</span> <span class='ocrx_word' id='word_1_305' title='bbox 1554 2270 1889 2322; x_wconf 86' lang='lat' dir='ltr'>quadringentos.</span> <span class='ocrx_word' id='word_1_306' title='bbox 1948 2274 2009 2311; x_wconf 85' lang='lat'>26.</span> <span class='ocrx_word' id='word_1_307' title='bbox 2041 2271 2147 2311; x_wconf 92' lang='lat' dir='ltr'>Cum</span> 
     </span>
     <span class='ocr_line' id='line_1_30' title="bbox 488 2336 2147 2388; baseline 0.001 -12"><span class='ocrx_word' id='word_1_308' title='bbox 488 2343 595 2376; x_wconf 88' lang='lat' dir='ltr'>esset</span> <span class='ocrx_word' id='word_1_309' title='bbox 618 2337 777 2376; x_wconf 87' lang='lat' dir='ltr'>Tharra</span> <span class='ocrx_word' id='word_1_310' title='bbox 800 2350 1003 2376; x_wconf 88' lang='lat' dir='ltr'>annorum</span> <span class='ocrx_word' id='word_1_311' title='bbox 1027 2336 1304 2388; x_wconf 85' lang='lat' dir='ltr'>septuaginta,</span> <span class='ocrx_word' id='word_1_312' title='bbox 1329 2337 1471 2387; x_wconf 89' lang='lat' dir='ltr'>genuit</span> <span class='ocrx_word' id='word_1_313' title='bbox 1495 2338 1651 2377; x_wconf 87' lang='lat' dir='ltr'>Abram</span> <span class='ocrx_word' id='word_1_314' title='bbox 1675 2344 1717 2377; x_wconf 89' lang='lat' dir='ltr'>et</span> <span class='ocrx_word' id='word_1_315' title='bbox 1741 2338 1909 2377; x_wconf 90' lang='lat' dir='ltr'>Nachor</span> <span class='ocrx_word' id='word_1_316' title='bbox 1933 2344 1975 2377; x_wconf 90' lang='lat' dir='ltr'>et</span> <span class='ocrx_word' id='word_1_317' title='bbox 1999 2339 2147 2378; x_wconf 91' lang='lat' dir='ltr'>Arran.</span> 
     </span>
     <span class='ocr_line' id='line_1_31' title="bbox 491 2403 2148 2454; baseline 0.001 -12"><span class='ocrx_word' id='word_1_318' title='bbox 491 2415 551 2454; x_wconf 87' lang='lat'>27.</span> <span class='ocrx_word' id='word_1_319' title='bbox 581 2404 673 2442; x_wconf 90' lang='lat' dir='ltr'>Hae</span> <span class='ocrx_word' id='word_1_320' title='bbox 697 2410 793 2443; x_wconf 88' lang='lat' dir='ltr'>sunt</span> <span class='ocrx_word' id='word_1_321' title='bbox 816 2403 1099 2454; x_wconf 86' lang='lat' dir='ltr'>generationes</span> <span class='ocrx_word' id='word_1_322' title='bbox 1122 2404 1301 2443; x_wconf 88' lang='lat' dir='ltr'>Tharae:</span> <span class='ocrx_word' id='word_1_323' title='bbox 1339 2404 1478 2443; x_wconf 90' lang='lat' dir='ltr'>Thara</span> <span class='ocrx_word' id='word_1_324' title='bbox 1501 2403 1643 2454; x_wconf 88' lang='lat' dir='ltr'>genuit</span> <span class='ocrx_word' id='word_1_325' title='bbox 1667 2404 1823 2444; x_wconf 88' lang='lat' dir='ltr'>Abram</span> <span class='ocrx_word' id='word_1_326' title='bbox 1847 2411 1888 2444; x_wconf 90' lang='lat' dir='ltr'>et</span> <span class='ocrx_word' id='word_1_327' title='bbox 1912 2404 2081 2444; x_wconf 91' lang='lat' dir='ltr'>Nachor</span> <span class='ocrx_word' id='word_1_328' title='bbox 2105 2411 2148 2445; x_wconf 91' lang='lat' dir='ltr'>et</span> 
     </span>
     <span class='ocr_line' id='line_1_32' title="bbox 487 2470 2146 2520; baseline 0.001 -12"><span class='ocrx_word' id='word_1_329' title='bbox 487 2470 634 2519; x_wconf 86' lang='lat' dir='ltr'>Arran,</span> <span class='ocrx_word' id='word_1_330' title='bbox 654 2476 696 2509; x_wconf 90' lang='lat' dir='ltr'>et</span> <span class='ocrx_word' id='word_1_331' title='bbox 714 2471 843 2509; x_wconf 88' lang='lat' dir='ltr'>Arran</span> <span class='ocrx_word' id='word_1_332' title='bbox 865 2470 1007 2520; x_wconf 90' lang='lat' dir='ltr'>genuit</span> <span class='ocrx_word' id='word_1_333' title='bbox 1026 2470 1147 2509; x_wconf 92' lang='lat' dir='ltr'>Loth.</span> <span class='ocrx_word' id='word_1_334' title='bbox 1207 2472 1267 2509; x_wconf 84' lang='lat'>28.</span> <span class='ocrx_word' id='word_1_335' title='bbox 1298 2471 1353 2509; x_wconf 89' lang='lat' dir='ltr'>Et</span> <span class='ocrx_word' id='word_1_336' title='bbox 1380 2477 1567 2509; x_wconf 90' lang='lat' dir='ltr'>mortuus</span> <span class='ocrx_word' id='word_1_337' title='bbox 1594 2477 1656 2510; x_wconf 87' lang='lat' dir='ltr'>est</span> <span class='ocrx_word' id='word_1_338' title='bbox 1680 2471 1812 2510; x_wconf 90' lang='lat' dir='ltr'>Arran</span> <span class='ocrx_word' id='word_1_339' title='bbox 1840 2484 1978 2510; x_wconf 89' lang='lat' dir='ltr'>coram</span> <span class='ocrx_word' id='word_1_340' title='bbox 2007 2471 2146 2511; x_wconf 89' lang='lat' dir='ltr'>Thara</span> 
     </span>
     <span class='ocr_line' id='line_1_33' title="bbox 487 2536 2146 2589; baseline 0.001 -14"><span class='ocrx_word' id='word_1_341' title='bbox 487 2542 606 2587; x_wconf 86' lang='lat' dir='ltr'>patre</span> <span class='ocrx_word' id='word_1_342' title='bbox 634 2550 708 2575; x_wconf 92' lang='lat' dir='ltr'>suo</span> <span class='ocrx_word' id='word_1_343' title='bbox 733 2536 776 2575; x_wconf 90' lang='lat' dir='ltr'>in</span> <span class='ocrx_word' id='word_1_344' title='bbox 804 2543 913 2576; x_wconf 90' lang='lat' dir='ltr'>terra</span> <span class='ocrx_word' id='word_1_345' title='bbox 940 2536 983 2575; x_wconf 90' lang='lat' dir='ltr'>in</span> <span class='ocrx_word' id='word_1_346' title='bbox 1011 2550 1094 2588; x_wconf 91' lang='lat' dir='ltr'>qua</span> <span class='ocrx_word' id='word_1_347' title='bbox 1121 2543 1245 2576; x_wconf 91' lang='lat' dir='ltr'>natus</span> <span class='ocrx_word' id='word_1_348' title='bbox 1272 2543 1334 2576; x_wconf 90' lang='lat' dir='ltr'>est</span> <span class='ocrx_word' id='word_1_349' title='bbox 1361 2536 1404 2575; x_wconf 93' lang='lat' dir='ltr'>in</span> <span class='ocrx_word' id='word_1_350' title='bbox 1431 2536 1594 2587; x_wconf 89' lang='lat' dir='ltr'>regione</span> <span class='ocrx_word' id='word_1_351' title='bbox 1624 2537 1940 2577; x_wconf 87' lang='lat' dir='ltr'>Chaldaeorum.</span> <span class='ocrx_word' id='word_1_352' title='bbox 1999 2551 2059 2589; x_wconf 88' lang='lat'>29.</span> <span class='ocrx_word' id='word_1_353' title='bbox 2090 2538 2146 2577; x_wconf 91' lang='lat' dir='ltr'>Et</span> 
     </span>
     <span class='ocr_line' id='line_1_34' title="bbox 487 2602 2146 2654; baseline 0.001 -12"><span class='ocrx_word' id='word_1_354' title='bbox 487 2602 664 2654; x_wconf 91' lang='lat' dir='ltr'>sumpsit</span> <span class='ocrx_word' id='word_1_355' title='bbox 685 2603 842 2642; x_wconf 93' lang='lat' dir='ltr'>Abram</span> <span class='ocrx_word' id='word_1_356' title='bbox 863 2609 904 2642; x_wconf 91' lang='lat' dir='ltr'>et</span> <span class='ocrx_word' id='word_1_357' title='bbox 927 2603 1094 2643; x_wconf 92' lang='lat' dir='ltr'>Nachor</span> <span class='ocrx_word' id='word_1_358' title='bbox 1116 2602 1193 2642; x_wconf 91' lang='lat' dir='ltr'>sibi</span> <span class='ocrx_word' id='word_1_359' title='bbox 1216 2616 1377 2652; x_wconf 80' lang='lat' dir='ltr'>uxores3</span> <span class='ocrx_word' id='word_1_360' title='bbox 1413 2616 1563 2642; x_wconf 88' lang='lat' dir='ltr'>nomen</span> <span class='ocrx_word' id='word_1_361' title='bbox 1585 2603 1767 2643; x_wconf 90' lang='lat' dir='ltr'>mulieris</span> <span class='ocrx_word' id='word_1_362' title='bbox 1788 2604 1944 2643; x_wconf 93' lang='lat' dir='ltr'>Abram</span> <span class='ocrx_word' id='word_1_363' title='bbox 1968 2604 2080 2653; x_wconf 88' lang='lat' dir='ltr'>Sara,</span> <span class='ocrx_word' id='word_1_364' title='bbox 2104 2609 2146 2643; x_wconf 90' lang='lat' dir='ltr'>et</span> 
     </span>
     <span class='ocr_line' id='line_1_35' title="bbox 486 2669 2146 2720; baseline 0.001 -12"><span class='ocrx_word' id='word_1_365' title='bbox 486 2682 637 2708; x_wconf 87' lang='lat' dir='ltr'>nomen</span> <span class='ocrx_word' id='word_1_366' title='bbox 660 2669 841 2709; x_wconf 89' lang='lat' dir='ltr'>mulieris</span> <span class='ocrx_word' id='word_1_367' title='bbox 864 2670 905 2709; x_wconf 92' lang='lat' dir='ltr'>N</span> <span class='ocrx_word' id='word_1_368' title='bbox 909 2669 1032 2709; x_wconf 88' lang='lat' dir='ltr'>achor</span> <span class='ocrx_word' id='word_1_369' title='bbox 1056 2670 1235 2719; x_wconf 91' lang='lat' dir='ltr'>Melcha,</span> <span class='ocrx_word' id='word_1_370' title='bbox 1260 2669 1343 2709; x_wconf 86' lang='lat' dir='ltr'>filia</span> <span class='ocrx_word' id='word_1_371' title='bbox 1366 2670 1511 2709; x_wconf 87' lang='lat' dir='ltr'>Arran.</span> <span class='ocrx_word' id='word_1_372' title='bbox 1567 2684 1630 2720; x_wconf 88' lang='grc' dir='ltr'>3ο.</span> <span class='ocrx_word' id='word_1_373' title='bbox 1660 2671 1716 2710; x_wconf 90' lang='lat' dir='ltr'>Et</span> <span class='ocrx_word' id='word_1_374' title='bbox 1739 2677 1828 2710; x_wconf 88' lang='lat' dir='ltr'>erat</span> <span class='ocrx_word' id='word_1_375' title='bbox 1853 2671 1972 2711; x_wconf 89' lang='lat' dir='ltr'>Sarra</span> <span class='ocrx_word' id='word_1_376' title='bbox 1995 2669 2146 2710; x_wconf 87' lang='lat' dir='ltr'>sterilis</span> 
     </span>
     <span class='ocr_line' id='line_1_36' title="bbox 487 2736 2145 2787; baseline 0.001 -13"><span class='ocrx_word' id='word_1_377' title='bbox 487 2742 529 2775; x_wconf 90' lang='lat' dir='ltr'>et</span> <span class='ocrx_word' id='word_1_378' title='bbox 553 2749 635 2774; x_wconf 90' lang='lat' dir='ltr'>non</span> <span class='ocrx_word' id='word_1_379' title='bbox 660 2736 896 2787; x_wconf 84' lang='lat' dir='ltr'>generabat.</span> <span class='ocrx_word' id='word_1_380' title='bbox 952 2750 1015 2787; x_wconf 83' lang='lat'>31.</span> <span class='ocrx_word' id='word_1_381' title='bbox 1046 2737 1101 2776; x_wconf 90' lang='lat' dir='ltr'>Et</span> <span class='ocrx_word' id='word_1_382' title='bbox 1126 2737 1302 2787; x_wconf 90' lang='lat' dir='ltr'>sumpsit</span> <span class='ocrx_word' id='word_1_383' title='bbox 1326 2736 1464 2776; x_wconf 89' lang='lat' dir='ltr'>Thara</span> <span class='ocrx_word' id='word_1_384' title='bbox 1488 2737 1645 2780; x_wconf 83' lang='lat' dir='ltr'>Abram</span> <span class='ocrx_word' id='word_1_385' title='bbox 1669 2736 1800 2776; x_wconf 91' lang='lat' dir='ltr'>filium</span> <span class='ocrx_word' id='word_1_386' title='bbox 1824 2750 1944 2776; x_wconf 89' lang='lat' dir='ltr'>suum</span> <span class='ocrx_word' id='word_1_387' title='bbox 1968 2743 2010 2776; x_wconf 89' lang='lat' dir='ltr'>et</span> <span class='ocrx_word' id='word_1_388' title='bbox 2034 2737 2145 2776; x_wconf 89' lang='lat' dir='ltr'>Loth</span> 
     </span>
     <span class='ocr_line' id='line_1_37' title="bbox 487 2801 2145 2853; baseline 0.001 -13"><span class='ocrx_word' id='word_1_389' title='bbox 487 2801 617 2841; x_wconf 86' lang='lat' dir='ltr'>filium</span> <span class='ocrx_word' id='word_1_390' title='bbox 646 2803 790 2852; x_wconf 91' lang='lat' dir='ltr'>Arran,</span> <span class='ocrx_word' id='word_1_391' title='bbox 822 2802 951 2842; x_wconf 91' lang='lat' dir='ltr'>filium</span> <span class='ocrx_word' id='word_1_392' title='bbox 981 2802 1053 2842; x_wconf 91' lang='lat' dir='ltr'>filii</span> <span class='ocrx_word' id='word_1_393' title='bbox 1083 2802 1159 2852; x_wconf 87' lang='lat' dir='ltr'>sui,</span> <span class='ocrx_word' id='word_1_394' title='bbox 1190 2809 1232 2842; x_wconf 91' lang='lat' dir='ltr'>et</span> <span class='ocrx_word' id='word_1_395' title='bbox 1263 2803 1406 2843; x_wconf 88' lang='lat' dir='ltr'>Saram</span> <span class='ocrx_word' id='word_1_396' title='bbox 1438 2816 1587 2842; x_wconf 90' lang='lat' dir='ltr'>nurum</span> <span class='ocrx_word' id='word_1_397' title='bbox 1621 2817 1752 2853; x_wconf 89' lang='lat' dir='ltr'>suam,</span> <span class='ocrx_word' id='word_1_398' title='bbox 1788 2816 1955 2842; x_wconf 85' lang='lat' dir='ltr'>uxorem</span> <span class='ocrx_word' id='word_1_399' title='bbox 1989 2803 2145 2842; x_wconf 90' lang='lat' dir='ltr'>Abram</span> 
     </span>
     <span class='ocr_line' id='line_1_38' title="bbox 487 2868 2144 2919; baseline 0.002 -13"><span class='ocrx_word' id='word_1_400' title='bbox 487 2868 558 2906; x_wconf 89' lang='lat' dir='ltr'>filii</span> <span class='ocrx_word' id='word_1_401' title='bbox 582 2868 657 2918; x_wconf 87' lang='lat' dir='ltr'>sui,</span> <span class='ocrx_word' id='word_1_402' title='bbox 680 2875 722 2908; x_wconf 91' lang='lat' dir='ltr'>et</span> <span class='ocrx_word' id='word_1_403' title='bbox 745 2868 886 2909; x_wconf 84' lang='lat' dir='ltr'>eduxit</span> <span class='ocrx_word' id='word_1_404' title='bbox 907 2869 997 2909; x_wconf 92' lang='lat' dir='ltr'>illos</span> <span class='ocrx_word' id='word_1_405' title='bbox 1020 2869 1070 2909; x_wconf 87' lang='lat' dir='ltr'>de</span> <span class='ocrx_word' id='word_1_406' title='bbox 1092 2868 1254 2919; x_wconf 89' lang='lat' dir='ltr'>regione</span> <span class='ocrx_word' id='word_1_407' title='bbox 1279 2869 1581 2909; x_wconf 88' lang='lat' dir='ltr'>Chaldaeorum</span> <span class='ocrx_word' id='word_1_408' title='bbox 1604 2869 1661 2909; x_wconf 88' lang='lat' dir='ltr'>ire</span> <span class='ocrx_word' id='word_1_409' title='bbox 1683 2869 1726 2908; x_wconf 92' lang='lat' dir='ltr'>in</span> <span class='ocrx_word' id='word_1_410' title='bbox 1748 2875 1902 2909; x_wconf 86' lang='lat' dir='ltr'>terram</span> <span class='ocrx_word' id='word_1_411' title='bbox 1925 2869 2144 2919; x_wconf 87' lang='lat' dir='ltr'>Chanaan;</span> 
     </span>
     <span class='ocr_line' id='line_1_39' title="bbox 487 2934 2145 2986; baseline 0.001 -13"><span class='ocrx_word' id='word_1_412' title='bbox 487 2940 529 2973; x_wconf 89' lang='lat' dir='ltr'>et</span> <span class='ocrx_word' id='word_1_413' title='bbox 557 2934 672 2974; x_wconf 89' lang='lat' dir='ltr'>venit</span> <span class='ocrx_word' id='word_1_414' title='bbox 699 2935 742 2973; x_wconf 91' lang='lat' dir='ltr'>in</span> <span class='ocrx_word' id='word_1_415' title='bbox 773 2935 958 2975; x_wconf 87' lang='lat' dir='ltr'>Charran</span> <span class='ocrx_word' id='word_1_416' title='bbox 988 2942 1029 2975; x_wconf 93' lang='lat' dir='ltr'>et</span> <span class='ocrx_word' id='word_1_417' title='bbox 1058 2934 1265 2975; x_wconf 87' lang='lat' dir='ltr'>habitavit</span> <span class='ocrx_word' id='word_1_418' title='bbox 1294 2935 1366 2975; x_wconf 90' lang='lat' dir='ltr'>ibi.</span> <span class='ocrx_word' id='word_1_419' title='bbox 1421 2950 1485 2986; x_wconf 88' lang='grc'>32.</span> <span class='ocrx_word' id='word_1_420' title='bbox 1515 2937 1570 2975; x_wconf 90' lang='lat' dir='ltr'>Et</span> <span class='ocrx_word' id='word_1_421' title='bbox 1599 2936 1767 2975; x_wconf 79' lang='lat' dir='ltr'>fuerunt</span> <span class='ocrx_word' id='word_1_422' title='bbox 1796 2935 1882 2975; x_wconf 91' lang='lat' dir='ltr'>dies</span> <span class='ocrx_word' id='word_1_423' title='bbox 1909 2935 2072 2975; x_wconf 90' lang='lat' dir='ltr'>Tharae</span> <span class='ocrx_word' id='word_1_424' title='bbox 2102 2935 2145 2975; x_wconf 92' lang='lat' dir='ltr'>in</span> 
     </span>
     <span class='ocr_line' id='line_1_40' title="bbox 488 3000 1985 3052; baseline 0.001 -12"><span class='ocrx_word' id='word_1_425' title='bbox 488 3000 645 3040; x_wconf 83' lang='lat' dir='ltr'>Charra</span> <span class='ocrx_word' id='word_1_426' title='bbox 667 3001 847 3052; x_wconf 89' lang='lat' dir='ltr'>quinque</span> <span class='ocrx_word' id='word_1_427' title='bbox 868 3008 909 3041; x_wconf 88' lang='lat' dir='ltr'>et</span> <span class='ocrx_word' id='word_1_428' title='bbox 930 3001 1097 3041; x_wconf 91' lang='lat' dir='ltr'>ducenti</span> <span class='ocrx_word' id='word_1_429' title='bbox 1118 3001 1215 3041; x_wconf 89' lang='lat' dir='ltr'>anni</span> <span class='ocrx_word' id='word_1_430' title='bbox 1237 3008 1278 3041; x_wconf 87' lang='lat' dir='ltr'>et</span> <span class='ocrx_word' id='word_1_431' title='bbox 1299 3008 1487 3041; x_wconf 87' lang='lat' dir='ltr'>mortuus</span> <span class='ocrx_word' id='word_1_432' title='bbox 1507 3008 1569 3042; x_wconf 91' lang='lat' dir='ltr'>est</span> <span class='ocrx_word' id='word_1_433' title='bbox 1589 3002 1728 3042; x_wconf 87' lang='lat' dir='ltr'>Thara</span> <span class='ocrx_word' id='word_1_434' title='bbox 1750 3001 1792 3040; x_wconf 92' lang='lat' dir='ltr'>in</span> <span class='ocrx_word' id='word_1_435' title='bbox 1815 3002 1985 3041; x_wconf 89' lang='lat' dir='ltr'>Charra.</span> 
     </span>
    </p>
   </div>
  </div>
 </body>
</html>
