2309 3583
415 251 468 294 18
643 262 675 292 A
705 261 853 293 STUDY
883 261 940 293 OF
969 249 1278 293 AUGUSTINE’S
1308 261 1535 292 VERSIONS
1565 260 1623 291 OF
1653 260 1848 291 GENESIS

699 1614 874 1648 CHAPTER
900 1626 917 1648 2

535 1691 650 1734 [From
665 1693 716 1726 De
732 1692 852 1727 Genesi
867 1692 910 1726 ad
926 1692 1079 1734 litteram]

465 1787 498 1813 1.
527 1774 584 1812 Et
609 1778 897 1812 consummata
923 1779 1022 1812 sunt
1046 1772 1206 1813 caelum

411 1845 453 1880 et
480 1846 591 1879 terra
619 1845 661 1879 et
689 1839 823 1879 omnis
851 1845 1022 1879 ornatus
1051 1852 1206 1879 eorum.

413 1920 448 1946 2.
477 1907 533 1946 Et
571 1906 877 1946 consummavit
914 1907 1029 1946 Deus
1066 1906 1108 1945 in
1143 1906 1209 1946 die

409 1979 524 2013 sexto
562 1986 686 2024 opera
724 1986 812 2022 sua,
851 1986 958 2024 quae
995 1973 1111 2012 fecit:
1163 1978 1207 2012 et

408 2039 611 2091 requievit
657 2040 772 2079 Deus
817 2039 882 2078 die
928 2039 1106 2090 septimo
1151 2039 1205 2079 ab

409 2106 601 2145 omnibus
624 2106 817 2157 operibus
841 2106 936 2156 suis,
963 2119 1069 2157 quae
1092 2106 1204 2145 fecit.

409 2186 447 2223 3.
477 2173 533 2212 Et
561 2172 772 2212 benedixit
800 2173 916 2211 Deus
944 2172 1053 2212 diem
1082 2173 1208 2223 septi-

408 2252 524 2278 mum
562 2244 605 2278 et
644 2238 921 2278 sanctificavit
959 2251 1067 2289 eum,
1108 2239 1206 2290 quia

407 2305 451 2344 in
503 2305 594 2356 ipso
648 2305 851 2356 requievit
905 2305 959 2344 ab
1013 2305 1206 2345 omnibus

408 2372 601 2423 operibus
620 2372 715 2421 suis,
736 2385 842 2423 quae
859 2371 1073 2411 inchoavit
1092 2373 1207 2411 Deus

407 2438 553 2478 facere.
609 2451 646 2487 4.
676 2438 757 2477 Hic
780 2443 844 2477 est
867 2438 968 2477 liber
993 2444 1208 2478 creaturae

408 2505 509 2545 caeli
533 2510 575 2544 et
597 2510 731 2544 terrae
758 2502 839 2555 (Ρ),
864 2518 960 2544 cum
982 2505 1120 2544 factus
1143 2511 1206 2545 est

409 2572 494 2611 dies
539 2569 620 2621 (?)‚
664 2571 762 2611 fecit
804 2572 919 2611 Deus
961 2572 1121 2611 caelum
1163 2578 1208 2611 et

407 2644 573 2678 terram.
631 2649 666 2689 5.
700 2638 756 2677 Et
788 2651 910 2677 omne
942 2637 1074 2678 viride
1107 2637 1207 2689 agri,

407 2709 636 2755 antequam
672 2710 781 2744 esset
812 2717 935 2756 super
967 2710 1134 2754 terram,
1165 2710 1208 2744 et

407 2784 529 2811 omne
566 2771 708 2810 fenum
743 2772 843 2822 agri,
881 2777 1106 2822 antequam
1143 2785 1207 2810 ex-

408 2843 546 2877 ortum
597 2844 672 2878 est.
740 2839 838 2879 Non
887 2838 996 2877 enim
1046 2838 1208 2889 pluerat

408 2904 522 2944 Deus
583 2918 704 2956 super
763 2910 917 2944 terram
980 2911 1021 2944 et
1084 2904 1208 2944 homo

408 2983 491 3009 non
524 2977 625 3020 erat,
660 2972 731 3022 qui
766 2976 1005 3022 operaretur
1040 2977 1206 3011 terram.

1546 375 1716 426 lignum,
1762 375 1874 426 quod
1921 373 2077 414 habet

1544 442 1587 481 in
1619 455 1661 481 se
1693 442 1876 481 fructum
1909 441 2075 480 seminis

1544 507 1922 548 seminalis—vobis
1973 520 1995 547 e
2009 507 2077 546 rit

1544 575 1606 614 ad
1653 587 1831 624 escam,
1886 587 1950 624 30.
2012 574 2077 613 Et

1544 641 1736 680 omnibus
1766 640 1909 680 bestiis
1941 646 2075 680 terrae

1545 713 1587 747 et
1616 707 1808 747 omnibus
1838 706 2078 746 volatilibus

1545 774 1646 814 caeli
1692 780 1735 813 et
1780 773 1893 813 omni
1938 773 2076 824 reptili

1545 840 1705 892 repenti
1745 853 1867 891 super
1906 846 2076 889 terram,

1545 907 1658 958 quod
1679 906 1808 946 habet
1829 907 1872 945 in
1895 920 1937 946 se
1960 905 2077 957 spiri-

1545 979 1638 1012 tum
1691 973 1902 1013 vitae—et
1954 985 2077 1012 omne

1544 1039 1746 1090 pabulum
1778 1039 1908 1079 viride
1940 1039 1983 1078 in
2016 1052 2076 1079 θε-

1545 1119 1650 1145 cam.
1706 1106 1763 1145 Et
1807 1106 1967 1146 factum
2012 1111 2075 1145 est

1547 1172 1615 1212 sic.
1671 1186 1735 1223 31.
1765 1173 1821 1212 Et
1837 1172 1945 1212 vidit
1960 1173 2078 1212 Deus

1545 1238 1684 1278 omnia
1727 1252 1834 1290 quae
1876 1239 1989 1289 fecit,
2033 1244 2076 1278 et

1546 1318 1638 1345 ecce
1677 1305 1788 1345 bona
1809 1305 1963 1345 valde.
2019 1305 2076 1345 Et

1545 1372 1658 1412 facta
1700 1378 1763 1412 est
1805 1385 1991 1423 vespera,
2036 1377 2078 1412 et

1545 1439 1705 1478 factum
1739 1444 1801 1478 est
1835 1452 1957 1478 mane
1991 1438 2078 1479 dies

1546 1511 1697 1545 sextus,

1569 1615 1744 1649 CHAPTER
1769 1626 1786 1647 2

1330 1691 1445 1733 [From
1461 1693 1512 1727 De
1528 1692 1648 1727 Genesi
1663 1696 1776 1726 contra
1791 1692 1835 1725 M
1836 1690 2024 1732 anichaeos]

1331 1785 1366 1812 2.
1395 1772 1618 1824 Requievit
1650 1773 1765 1812 Deus
1797 1772 1974 1823 septimo
2006 1771 2074 1812 die

1277 1839 1330 1879 ab
1351 1839 1542 1878 omnibus
1563 1839 1754 1890 operibus
1776 1839 1870 1878 suis.
1927 1852 1964 1887 4.
1995 1839 2077 1878 Hic

1277 1911 1340 1945 est
1366 1906 1466 1945 liber
1492 1912 1704 1945 creaturae
1730 1905 1830 1944 coeli
1856 1911 1898 1944 et
1923 1910 2071 1955 terrae,

1277 1985 1371 2012 cum
1384 1973 1519 2012 factus
1532 1978 1639 2011 esset
1653 1972 1738 2012 dies
1751 1985 1834 2023 quo
1848 1972 1946 2011 fecit
1960 1972 2076 2011 Deus

1277 2039 1436 2079 coelum
1472 2045 1514 2078 et
1550 2044 1716 2078 terram.
1774 2050 1809 2090 5.
1839 2039 1896 2078 Et
1931 2038 2075 2078 omnia

1277 2105 1424 2145 viridia
1454 2105 1554 2156 agri,
1585 2111 1812 2156 antequam
1841 2111 1978 2144 essent
2008 2118 2074 2144 su-

1276 2186 1349 2223 per
1366 2178 1532 2221 terram,
1552 2178 1594 2211 et
1612 2185 1734 2211 omne
1751 2172 1953 2222 pabulum
1971 2172 2075 2222 agri,

1277 2244 1505 2290 antequam
1557 2238 1818 2289 germinaret.
1874 2239 1917 2278 N
1919 2238 2077 2278 ondum

1276 2305 1386 2344 enim
1414 2305 1578 2356 pluerat
1608 2306 1723 2344 Deus
1753 2318 1875 2356 super
1904 2311 2074 2353 terram,

1276 2384 1351 2411 nec
1382 2377 1471 2411 erat
1501 2371 1627 2411 homo
1659 2372 1730 2423 qui
1761 2377 2001 2423 operaretur
2031 2371 2075 2410 in

1276 2452 1337 2478 ea.
1393 2441 1429 2478 6.
1460 2439 1569 2478 Fons
1589 2445 1732 2478 autern
1752 2439 2002 2479 ascendebat
2024 2438 2075 2478 de

1276 2511 1386 2545 terra
1419 2511 1461 2545 et
1494 2505 1693 2555 irrigabat
1727 2518 1893 2544 omnem
1926 2505 2075 2545 faciem

1276 2577 1422 2611 terrae.
1480 2583 1515 2622 7.
1545 2572 1601 2611 Et
1646 2577 1747 2611 tunc
1791 2571 1912 2611 finxit
1959 2572 2075 2611 Deus

1276 2638 1486 2678 hominem
1506 2639 1556 2678 de
1572 2639 1669 2678 limo
1685 2644 1830 2688 terrae,
1847 2637 2076 2678 insufflavit

1276 2705 1319 2743 in
1360 2705 1507 2744 faciem
1549 2705 1634 2745 eius
1674 2705 1822 2745 flatum
1861 2705 1987 2754 vitae,
2029 2710 2072 2744 et

1276 2772 1412 2811 factus
1434 2778 1496 2811 est
1516 2771 1642 2811 homo
1663 2772 1705 2811 in
1726 2772 1909 2811 animam
1929 2771 2072 2810 viven-

1277 2844 1375 2878 tem.
1432 2841 1468 2878 8.
1498 2839 1554 2878 Et
1584 2845 1686 2878 tunc
1715 2838 1924 2890 plantavit
1955 2838 2070 2877 Deus

1276 2905 1516 2956 paradisum
1546 2905 1588 2944 in
1619 2905 1737 2945 Eden
1769 2905 1824 2944 ad
1855 2905 2069 2953 orientem,

1278 2977 1320 3011 et
1342 2972 1481 3022 posuit
1500 2971 1557 3011 ibi
1576 2971 1785 3011 hominem
1806 2984 1930 3022 quem
1949 2970 2074 3010 finxe-
