2309 3583
837 299 928 328 THE
958 299 1079 328 TEXT
1738 301 1759 343 5
1769 303 1786 330 Ι

129 412 342 452 Dominus.
409 411 638 450 Elsewhere
661 410 704 450 in
727 411 799 450 the
822 424 934 450 same
958 412 1129 462 chapter
1152 412 1223 450 the
1247 425 1359 451 same
1382 426 1554 463 passage
1576 414 1610 453 is
1633 414 1791 464 quoted

129 478 230 518 with
247 476 462 517 Dominus.
515 477 577 516 De
606 477 641 516 T
642 477 719 516 rin.
753 490 854 516 2:10
878 477 953 517 has
983 477 1053 517 the
1081 477 1253 528 spelling
1280 478 1501 518 Abraham.
1610 493 1647 527 4.
1677 480 1790 520 Else-

128 544 260 583 where
295 543 338 582 in
374 543 440 582 De
468 543 547 582 civ.
582 545 706 593 16:25
737 543 774 582 ei
801 556 944 582 occurs
973 544 1137 583 instead
1165 544 1207 582 of
1235 544 1311 583 illi.
1368 545 1475 584 Ibid.
1511 548 1636 585 16:16
1665 546 1790 586 omits

128 614 270 659 autem.
381 621 416 660 7.
446 609 511 648 De
531 609 644 649 Trin.
669 622 787 648 2:10:
821 610 874 648 Et
899 609 1007 649 visus
1033 614 1088 649 est
1114 609 1329 658 Dominus,
1350 616 1428 649 etc.
1542 625 1601 651 12.
1630 612 1726 651 Loc.
1752 625 1790 651 1:

127 678 178 726 38
197 676 354 715 follows
374 676 446 715 the
465 681 568 715 text.
681 689 740 724 14.
770 676 866 715 Loc.
892 689 909 714 1
923 689 991 726 :39
1013 682 1161 726 quotes
1181 690 1226 716 as
1246 676 1309 715 far
1330 690 1375 716 as
1394 676 1576 716 videntes.

836 774 1011 806 CHAPTER
1038 784 1076 815 13

208 855 255 890 14
277 842 361 881 and
387 853 446 892 15.
477 842 642 892 Quoted
664 841 736 880 the
759 855 872 881 same
894 842 936 880 in
959 842 1128 891 Quaest.
1157 844 1269 881 1:28.
1384 854 1443 892 17.
1475 843 1644 893 Quaest.
1673 846 1790 882 1:28:

124 908 249 959 Surge
271 913 304 947 et
325 908 556 958 perambula
577 913 720 947 terram
741 908 787 947 in
808 908 1055 958 longitudine
1076 908 1162 948 eius
1185 913 1219 947 et
1240 908 1465 958 latitudine,
1481 909 1578 960 quia
1599 909 1672 948 tibi
1692 909 1791 948 dabo

125 987 224 1014 eam.
280 974 369 1014 One
390 974 468 1014 MS
488 975 607 1014 reads
626 974 924 1025 longitudinem.

835 1072 1009 1106 CHAPTER
1037 1083 1076 1112 14

207 1153 266 1190 13.
297 1140 465 1190 Quaest.
493 1153 610 1191 1:29:
636 1140 850 1181 Nuntiavit
868 1141 1021 1180 Abram
1040 1140 1319 1191 transfluviali.

835 1238 1009 1271 CHAPTER
1036 1248 1074 1280 15

202 1319 239 1354 4.
272 1306 374 1346 Con.
401 1307 543 1346 Faust.
572 1319 639 1345 22:
650 1319 718 1357 32:
756 1307 852 1346 Non
875 1307 938 1346 hic
961 1307 1032 1346 erit
1052 1307 1159 1346 heres
1179 1311 1290 1354 tuus;
1326 1307 1394 1346 sed
1412 1307 1482 1358 qui
1501 1307 1599 1347 exiet
1618 1307 1664 1346 de
1683 1312 1790 1347 utero

122 1377 188 1412 tuo
215 1373 303 1423 ipse
330 1373 402 1412 erit
430 1373 536 1412 lieres
564 1377 670 1413 tuus.
780 1375 816 1412 6.
847 1373 988 1413 Sermo
1021 1387 1119 1423 14:3
1148 1373 1306 1413 follows
1333 1379 1436 1413 text.
1493 1375 1558 1413 De
1578 1374 1727 1425 spiritu
1747 1380 1789 1413 et

121 1439 183 1478 lit.
217 1442 265 1478 26
301 1440 426 1478 omits
462 1440 680 1479 Abraham.
793 1453 852 1479 12.
884 1440 1053 1490 Quaest.
1089 1453 1190 1491 1:30
1219 1440 1344 1480 omits
1373 1440 1609 1481 tenebrosus.
1723 1454 1785 1491 13.

123 1505 187 1545 Cf.
213 1506 310 1545 Loc.
341 1518 458 1556 1:50:
497 1506 667 1546 Sciendo
691 1506 807 1553 mes,-
831 1506 927 1557 quia
952 1506 1204 1557 peregrinum
1229 1507 1301 1546 erit
1320 1519 1452 1546 semen
1476 1511 1590 1547 tuum
1609 1507 1655 1547 in
1673 1511 1788 1547 terra.

120 1571 261 1611 Graeci
287 1572 427 1612 habent
456 1572 617 1612 “sciens
635 1572 776 1621 scies,⁷’
797 1573 900 1624 quod
917 1578 1044 1623 paene
1063 1573 1296 1613 tantundem
1314 1578 1381 1613 est.
1438 1573 1607 1623 Quaest.
1633 1587 1652 1612 2
1666 1586 1733 1624 :47
1754 1574 1789 1613 is

119 1638 192 1677 the
212 1651 325 1677 same
345 1644 491 1689 except
512 1639 702 1679 nocebunt
722 1639 806 1678 illis
826 1639 890 1678 for
910 1639 1098 1690 adfligent
1118 1652 1193 1679 eos.
1307 1642 1366 1679 18.
1397 1640 1566 1690 Quaest.
1590 1643 1631 1679 6:
1645 1654 1689 1679 21
1714 1640 1789 1680 has

119 1704 191 1744 the
225 1705 332 1744 form
367 1705 584 1745 Abraham.
698 1719 757 1755 19.
788 1705 957 1755 Quaest.
995 1708 1095 1745 6:21
1136 1706 1210 1745 has
1244 1706 1316 1745 the
1344 1706 1472 1745 forms
1499 1707 1675 1747 Cettaeos
1703 1707 1788 1747 and

119 1771 413 1812 Cheimonaeos.
526 1786 586 1811 20.
617 1772 786 1822 Quaest.
818 1775 917 1811 6:21
941 1772 1015 1812 has
1034 1773 1106 1812 the
1126 1772 1233 1812 form
1253 1773 1459 1824 Raphain.

831 1876 1005 1910 CHAPTER
1032 1878 1071 1909 16

197 1957 235 1995 3.
264 1945 361 1984 Loc.
391 1958 430 1984 1:
443 1956 488 1996 51
518 1950 666 1996 quotes
691 1945 798 1984 from
823 1950 858 1984 et
881 1945 987 1984 dedit
1011 1951 1057 1984 to
1082 1946 1163 1985 end
1188 1945 1366 1984 without
1391 1945 1561 1996 change.
1672 1947 1708 1985 8.
1737 1946 1788 1985 In

118 2011 235 2050 Ioan.
264 2024 410 2062 evang.
445 2025 557 2061 1111,
579 2011 687 2062 Quid
705 2016 772 2062 est,
792 2012 904 2062 Agar
923 2011 1072 2051 ancilla
1098 2012 1238 2052 Sarae.
1294 2012 1398 2052 This
1425 2025 1556 2052 seems
1583 2018 1628 2051 to
1655 2012 1707 2052 be
1735 2025 1789 2052 an

118 2078 381 2129 adaptation.
491 2093 527 2129 9.
558 2079 700 2119 Sermo
724 2092 765 2129 3:
804 2079 907 2118 Redi
930 2079 994 2128 ad,
1020 2085 1098 2118 etc.

829 2182 1003 2216 CHAPTER
1030 2193 1069 2223 17

201 2263 234 2289 1.
266 2249 331 2289 Cf.
366 2250 431 2288 De
464 2249 576 2289 Trin.
612 2263 707 2300 322:
757 2251 809 2290 Et
840 2250 948 2290 visus
980 2255 1034 2290 est
1066 2251 1269 2291 Dominus
1300 2251 1412 2291 Deus
1443 2251 1641 2291 Abrahae.
1752 2263 1788 2302 5.

76 2316 80 2319 ’
120 2315 185 2355 Cf.
218 2316 358 2356 Sermo
392 2329 536 2365 12224:
580 2317 676 2356 Non
705 2317 899 2357 vocaberis
928 2317 1086 2357 Abram
1115 2318 1182 2357 sed
1210 2318 1428 2357 Abraham.
1486 2318 1619 2369 Epist.
1645 2330 1789 2369 195233

118 2382 183 2421 De
201 2382 303 2423 Gen.
321 2395 398 2422 con
415 2383 533 2422 Man.
555 2397 669 2434 1:23,
687 2389 728 2422 et
745 2384 813 2433 al„
832 2390 959 2435 quote
975 2384 1082 2423 from
1098 2389 1250 2435 patrem
1265 2390 1311 2424 to
1327 2385 1408 2424 end
1423 2384 1601 2424 without
1617 2384 1787 2435 change.

118 2452 154 2489 6.
183 2449 280 2488 Loc.
305 2461 422 2500 1:53:
455 2450 570 2501 Quod
587 2449 707 2489 latini
724 2450 881 2489 liabent:
917 2450 1117 2502 “augeam
1135 2455 1169 2490 te
1187 2451 1312 2490 nimis
1330 2451 1481 2500 valde‚’'
1500 2451 1630 2502 graeci
1648 2451 1789 2490 habent

117 2516 273 2565 “valde,
295 2516 446 2556 valde.’'
503 2517 568 2556 De
593 2517 695 2557 Gen.
721 2530 811 2556 con.
838 2517 957 2556 Man.
986 2531 1103 2568 1:23:
1141 2519 1194 2557 Et
1216 2531 1383 2569 augeam
1405 2523 1439 2558 te
1461 2518 1586 2558 nimis
1609 2518 1730 2566 valde,
1755 2521 1789 2557 et

115 2589 266 2634 ponam
287 2587 322 2622 te
343 2583 389 2622 in
411 2587 552 2633 gentes,
576 2588 610 2623 et
632 2597 736 2635 reges
759 2584 805 2623 de
828 2589 862 2623 te
884 2584 1025 2624 exient.
1137 2597 1172 2634 7.
1203 2585 1268 2623 De
1294 2584 1396 2625 Gen.
1422 2598 1512 2624 con.
1538 2585 1656 2624 Man.
1685 2597 1756 2623 112
1762 2597 1784 2635 3

115 2649 191 2689 has
222 2655 372 2700 ponam
403 2649 567 2689 instead
598 2650 641 2689 of
672 2655 864 2696 statuam;
910 2651 996 2690 also
1029 2651 1155 2690 omits
1186 2651 1257 2690 the
1289 2651 1517 2691 bracketed
1546 2651 1661 2691 inter.
1720 2650 1786 2690 Cf.

116 2716 261 2755 Enarr.
279 2715 321 2754 in
343 2716 408 2755 Ps.
426 2718 494 2766 67:
509 2729 573 2767 19:
607 2717 699 2756 Erit
718 2721 992 2757 testamentum
1010 2717 1114 2757 inter
1133 2730 1193 2757 me
1213 2722 1248 2757 et
1267 2722 1301 2757 te
1321 2723 1355 2757 et
1375 2731 1488 2757 omne
1507 2731 1639 2757 semen
1659 2721 1786 2757 tuum.

117 2782 182 2822 Cf.
208 2788 327 2821 notes
351 2795 405 2821 on
425 2782 544 2833 chap.
567 2796 604 2833 9,
624 2796 685 2822 vs.
710 2796 770 2822 12.
826 2784 922 2822 Loc.
953 2795 1071 2834 1:54:
1110 2785 1162 2823 Et
1185 2784 1284 2823 dabo
1308 2784 1381 2823 tibi
1411 2816 1419 2823 .
1452 2816 1460 2823 .
1493 2816 1501 2823 .
1535 2816 1542 2823 .
1573 2788 1716 2823 terram
1739 2783 1786 2823 in

114 2862 193 2900 qua
216 2849 371 2888 liabitas
396 2862 550 2888 omnem
574 2854 717 2889 terram
740 2850 940 2890 Chanaan
963 2850 1009 2890 in
1034 2851 1321 2901 possessionem
1346 2855 1556 2890 aeternam.
1614 2851 1785 2900 Quaest.

117 2929 135 2955 1
149 2929 214 2966 :31
234 2915 392 2954 follows
409 2916 522 2965 Loc.‚
538 2916 617 2954 but
633 2916 752 2956 reads
769 2917 915 2956 cultam
931 2917 994 2956 for
1011 2917 1223 2957 Clianaan.
1280 2918 1345 2956 De
1364 2917 1466 2957 Gen.
1486 2930 1575 2956 con.
1597 2917 1715 2956 Man.
1739 2931 1755 2956 1
1771 2930 1779 2956 :

117 2995 136 3021 2
142 2996 164 3033 3
185 2982 343 3021 follows
361 2983 457 3021 Loc.
480 2983 564 3022 and
584 2983 687 3022 adds
707 2996 769 3022 ero
788 2983 872 3022 illis
890 2984 1014 3023 Deus.
1125 2998 1161 3035 9.
1191 2984 1287 3023 Loc.
1313 2998 1351 3023 1:
1365 2996 1430 3035 55:
1451 2990 1599 3035 quotes
1618 2984 1725 3023 from
1745 2988 1787 3024 tu

115 3054 160 3088 to
177 3048 248 3088 the
265 3049 346 3089 end
361 3049 462 3088 with
479 3049 551 3088 the
568 3055 795 3088 comment:
827 3050 861 3090 C
863 3050 1085 3090 onservabis
1102 3057 1173 3101 pro
1190 3063 1385 3090 conserva.
1442 3050 1546 3090 Con.
1561 3051 1698 3090 Adim.
1721 3052 1786 3090 16:
