2309 3583
446 273 500 315 50
676 272 707 303 A
738 272 886 303 STUDY
916 273 974 303 OF
1003 261 1312 304 AUGUSTINE'S
1340 274 1568 305 VERSIONS
1599 275 1656 305 OF
1686 275 1881 306 GENESIS

1168 386 1343 420 CHAPTER
1368 396 1386 428 7

522 466 559 501 4.
589 453 686 492 Loc.
706 466 723 492 1
737 466 745 492 :
759 465 824 504 17:
851 454 907 493 In
918 467 1053 505 graeco
1065 454 1266 495 invenitur
1279 454 1303 472 “
1313 468 1379 506 ego
1391 455 1583 496 inducam
1596 455 1774 507 pluviam
1787 462 1907 507 super
1919 455 2106 496 terram.''

443 530 479 570 5.
509 520 696 559 Retract.
729 533 749 558 2
761 533 769 559 :
782 531 831 570 54
858 521 978 560 reads
1006 521 1078 560 the
1108 534 1233 570 same,
1262 522 1459 572 omitting
1486 522 1610 562 Deus.
1722 534 1782 573 15.
1812 523 1981 573 Quaest.
2015 534 2107 571 1:91

441 586 496 624 In
510 598 585 637 quo
598 590 654 625 est
671 586 840 637 spiritus
855 587 966 626 vitae.
1061 600 1122 627 22.
1150 588 1212 627 De
1226 588 1366 628 anima
1381 592 1417 628 et
1430 589 1527 639 orig.
1541 601 1662 639 4:23:
1685 589 1737 628 Et
1752 589 1888 628 omnia
1900 601 2107 640 quaecum-

441 665 514 703 que
529 652 670 692 habent
695 653 886 704 spiritum
904 653 1016 693 vitae.
1073 654 1138 693 De
1157 654 1271 694 Trin.
1297 667 1362 703 14:
1376 657 1440 694 16:
1471 655 1582 706 Quae
1605 655 1767 694 habebat
1790 655 1837 694 in
1854 668 1894 694 se
1916 655 2107 706 spiritum

441 718 553 758 vitae.

1163 774 1339 807 CHAPTER
1361 786 1382 816 9

522 852 557 891 5.
588 840 653 881 Cf.
688 840 792 881 Con.
825 841 886 881 lit.
920 841 1039 881 Petil.
1076 855 1195 892 2:92:
1240 842 1491 893 Sanguinem
1522 843 1753 883 animarum
1791 847 2005 883 vestrarum
2044 856 2108 882 ex-

440 907 598 958 quiram
620 907 666 947 de
689 908 876 948 manibus
899 908 1080 948 omnium
1102 908 1328 948 bestiarum.
1389 922 1448 948 12.
1480 909 1625 949 Enarr.
1649 909 1692 948 in
1716 910 1782 948 Ps.
1808 911 1955 960 67:19:
1993 909 2108 960 Quod

440 974 581 1013 liabent
607 974 728 1014 latini
754 974 904 1014 codices
933 974 1069 1014 “inter
1096 988 1157 1014 me
1185 979 1219 1015 et
1245 975 1343 1014 vos''
1372 975 1428 1015 vel
1457 975 1593 1015 “inter
1611 988 1671 1015 me
1690 979 1725 1015 et
1752 989 1907 1015 omnem
1926 976 2107 1015 animam

439 1040 598 1080 vivam’'
618 1045 653 1081 et
666 1041 704 1080 si
722 1055 801 1092 qua
817 1041 877 1081 ibi
895 1041 994 1081 talia
1011 1041 1216 1082 dicuntur:
1237 1041 1372 1081 “inter
1384 1042 1560 1082 medium
1571 1055 1702 1082 meum
1714 1046 1749 1081 et
1759 1042 1960 1082 vestrum''
1972 1043 2108 1082 inven-

438 1108 521 1147 itur
548 1107 596 1147 in
626 1121 774 1158 graeco,
807 1108 910 1159 quod
942 1112 997 1147 est
1030 1107 1098 1144 ἀνὰ
1128 1105 1259 1154 μέσον.
1371 1121 1390 1147 2
1397 1120 1431 1159 5.
1465 1108 1635 1158 Quaest.
1674 1120 1819 1159 1:153:
1863 1108 2107 1149 Maledictus

439 1174 639 1214 Chanaan
658 1174 731 1214 erit
750 1187 881 1214 servus
892 1174 1090 1225 fratribus
1110 1174 1209 1214 suis.
1322 1186 1382 1225 27.
1414 1174 1517 1214 Con.
1540 1175 1683 1214 Faust.
1709 1188 1836 1223 12:24
1855 1175 2014 1215 follows
2034 1175 2108 1216 the

439 1245 542 1280 text.

1150 1294 1326 1328 CHAPTER
1352 1305 1391 1327 10

519 1363 556 1402 8.
585 1362 755 1412 Quaest.
788 1363 887 1401 1:18
923 1368 1071 1413 quotes
1105 1362 1177 1401 the
1213 1362 1294 1402 last
1321 1368 1514 1402 sentence
1541 1362 1614 1402 the
1641 1376 1767 1402 same.
1877 1377 1914 1414 9.
1946 1363 2011 1403 Cf.
2040 1364 2106 1403 De

439 1428 518 1468 civ.
546 1431 664 1478 16:43
700 1429 797 1468 Loc.
825 1442 842 1468 1
856 1442 927 1479 :30
947 1429 1023 1468 has
1044 1428 1117 1468 the
1139 1429 1229 1468 first
1250 1435 1346 1480 part
1375 1429 1418 1469 of
1446 1429 1519 1469 the
1541 1443 1657 1469 verse
1678 1430 1751 1469 the
1773 1443 1887 1470 same
1908 1430 2010 1470 with
2032 1430 2106 1470 the

438 1495 646 1545 following
676 1501 903 1534 comment:
948 1496 1151 1536 Incertum
1181 1500 1237 1535 est
1266 1500 1401 1536 utrum
1431 1496 1557 1547 possit
1587 1496 1719 1548 accipi
1750 1496 1915 1537 “coram
1944 1497 2106 1537 domino

437 1561 550 1611 deo,’'
569 1561 666 1613 quia
683 1561 742 1601 sic
760 1561 854 1601 solet
875 1561 1061 1613 intellegi,
1085 1563 1188 1614 quod
1208 1576 1341 1613 graece
1363 1562 1510 1603 dicitur
1529 1562 1704 1600 ε’νάντιον.
1816 1577 1877 1603 20.
1908 1564 1974 1603 De
1992 1563 2105 1604 doct.

438 1641 460 1679 3
473 1630 541 1679 :36
561 1629 680 1668 reads
698 1628 771 1668 the
790 1642 916 1678 same,
936 1629 1015 1668 but
1034 1629 1127 1668 four
1146 1629 1255 1670 MSS
1274 1629 1383 1669 have
1400 1630 1731 1680 generationibus.
1842 1644 1904 1670 21.
1933 1630 2106 1680 Quaest.

441 1708 559 1743 1:24:
597 1695 691 1735 Sem
715 1700 797 1735 erat
820 1699 932 1746 pater
956 1696 1137 1736 omnium
1152 1696 1337 1747 filiorum
1364 1697 1505 1736 Heber.
1617 1708 1678 1748 25.
1709 1697 1774 1736 De
1802 1697 1881 1736 civ.
1916 1699 2044 1737 16:10
2071 1697 2106 1737 is

437 1761 509 1801 the
534 1775 647 1801 same
671 1762 779 1801 from
803 1775 947 1802 nomen
971 1768 1017 1801 to
1042 1762 1114 1802 the
1139 1763 1233 1802 end.
1342 1777 1406 1814 31.
1463 1764 1529 1802 De
1554 1762 1664 1803 doct.
1692 1765 1796 1814 3:36
1821 1764 1855 1803 is
1880 1763 1952 1803 the
1977 1777 2104 1804 same.

437 1841 501 1879 32.
532 1828 597 1867 De
615 1827 727 1868 doct.
747 1842 790 1879 3:
801 1830 851 1879 36
870 1828 1019 1868 inserts
1037 1833 1072 1869 et
1089 1829 1229 1869 before
1247 1830 1465 1870 secundum
1482 1834 1623 1880 gentes.

1149 1927 1324 1961 CHAPTER
1350 1939 1365 1960 1
1373 1939 1388 1960 1

519 2008 553 2034 1.
583 1995 649 2034 De
666 1994 777 2034 doct.
795 1996 899 2044 3:26
917 1995 950 2034 is
967 1995 1039 2034 the
1057 2008 1186 2045 same3
1219 1996 1305 2036 also
1322 1996 1419 2035 Loc.
1442 2010 1459 2035 1
1473 2009 1540 2046 :32
1559 1996 1661 2036 with
1673 1996 1745 2036 the
1759 2002 1982 2046 comment,
2001 1996 2105 2048 quod

435 2060 579 2101 usitate
612 2074 684 2100 nos
717 2061 907 2102 dicimus:
957 2061 1131 2113 “lingua
1164 2062 1292 2102 una.''
1348 2062 1518 2113 Quaest.
1558 2077 1575 2102 1
1589 2077 1597 2102 :
1611 2076 1671 2102 20.
1780 2076 1818 2114 3.
1848 2063 1945 2103 Loc.
1985 2077 2104 2115 1:34:

436 2129 488 2168 Et
494 2127 599 2179 facti
614 2132 708 2168 sunt
722 2127 806 2167 illis
822 2127 959 2168 lateres
975 2134 1047 2179 pro
1063 2129 1210 2180 lapide.
1266 2129 1439 2169 Graecus
1451 2129 1563 2169 habet
1579 2127 1643 2169 “et
1649 2129 1754 2180 facti
1766 2134 1860 2170 sunt
1870 2129 1955 2169 illis
1967 2129 2105 2171 lateres

434 2194 481 2234 in
505 2193 735 2245 lapidem’',·
778 2195 880 2246 quod
902 2194 939 2234 si
967 2194 1090 2235 latine
1109 2195 1313 2245 diceretur,
1333 2196 1476 2236 locutio
1495 2196 1633 2236 minus
1658 2196 1953 2248 intellegeretur.
2063 2210 2101 2245 4.

435 2261 532 2300 Loc.
558 2275 574 2300 1
588 2273 656 2311 :35
677 2260 753 2300 has
773 2261 886 2301 nobis
905 2261 968 2300 for
987 2262 1190 2312 nobismet,
1212 2263 1296 2302 and
1310 2263 1436 2302 omits
1449 2263 1566 2314 ipsis.
1624 2263 1793 2313 Quaest.
1815 2277 1832 2303 1
1846 2277 1911 2303 :21
1930 2277 2044 2303 same
2058 2277 2104 2303 as

435 2327 531 2367 Loc.
546 2333 692 2378 except
703 2327 800 2367 that
811 2328 845 2367 it
856 2328 932 2367 has
943 2328 990 2368 in
1004 2328 1068 2368 for
1083 2329 1147 2368 ad.
1258 2341 1293 2379 7.
1324 2329 1494 2379 Quaest.
1515 2343 1633 2369 1:22:
1655 2330 1805 2379 Venite,
1821 2330 2104 2370 descendamus

435 2397 470 2434 et
488 2394 782 2446 confundamus
800 2394 859 2434 ibi
877 2395 1059 2446 linguam
1078 2409 1224 2445 eorum,
1246 2410 1295 2436 ne
1314 2396 1455 2436 audiat
1473 2397 1748 2448 unusquisque
1766 2410 1893 2437 vocem
1911 2397 2100 2448 proximi.

435 2475 472 2511 9.
498 2461 668 2511 Quaest.
687 2474 805 2500 1:22:
821 2461 929 2512 Quia
940 2462 999 2501 ibi
1010 2462 1189 2513 confudit
1199 2463 1402 2503 Dominus
1415 2463 1523 2503 labia
1535 2467 1670 2503 terrae.
1784 2478 1843 2503 10.
1868 2464 1965 2503 Loc.
1983 2465 2102 2515 1:36:

434 2527 549 2578 Quod
570 2527 734 2579 quidam
756 2527 877 2567 latini
897 2529 1047 2569 codices
1069 2529 1209 2569 habent
1233 2529 1359 2570 “Sem
1373 2530 1492 2581 filius
1514 2531 1602 2570 Noe
1623 2535 1705 2570 erat
1727 2544 1926 2571 annorum
1947 2534 2102 2571 centum

434 2607 524 2634 cum
545 2594 681 2645 genuit
702 2594 968 2645 Arphaxat”,·
1003 2596 1133 2646 graeci
1160 2596 1301 2636 habent
1331 2596 1457 2637 “Sem
1471 2597 1590 2648 filius
1612 2602 1768 2637 centum
1790 2610 1990 2637 annorum
2011 2610 2102 2637 cum

433 2660 569 2711 genuit
592 2660 858 2712 Arphaxat⁷’;
890 2661 960 2702 ubi
978 2662 1133 2713 ellipsis
1152 2667 1218 2712 est,
1239 2663 1335 2714 quia
1354 2663 1457 2703 deest
1477 2663 1633 2703 “erat’'
1689 2664 1769 2704 Sed
1787 2664 1890 2715 quod
1907 2677 1989 2703 non
2007 2663 2101 2703 hab-

433 2732 497 2767 ent
526 2727 670 2779 “filius
697 2728 818 2768 Noe''
847 2728 914 2768 sed
943 2728 1120 2780 “filius’'
1150 2733 1318 2779 tantum,
1347 2743 1447 2770 nova
1474 2730 1617 2771 locutio
1645 2735 1711 2770 est.
1821 2744 1884 2781 32.
1929 2731 2100 2781 Quaest.

437 2806 554 2845 1:25:
586 2795 766 2835 Fuerunt
783 2795 885 2835 anni
901 2795 1000 2835 vitae
1020 2796 1196 2835 Tharrae
1212 2796 1370 2836 ducenti
1387 2797 1559 2849 quinque
1575 2797 1622 2837 in
1638 2797 1835 2837 Clzarran.

1145 2894 1319 2927 CHAPTER
1346 2905 1384 2927 12

515 2973 549 2999 1.
580 2960 749 3010 Quaest.
783 2973 882 3013 1:25
909 2962 1028 3002 reads
1052 2963 1099 3002 de
1123 2963 1352 3013 cognatione
1376 2977 1452 3003 sua
1484 2968 1519 3003 et
1552 2964 1598 3003 de
1630 2964 1744 3003 domo
1769 2963 1897 3014 patris
1920 2963 2000 3013 sui,
2026 2963 2099 3003 the

433 3026 591 3077 change
613 3028 735 3078 being
759 3028 839 3068 due
861 3034 907 3068 to
930 3029 1002 3068 the
1026 3035 1207 3069 context.
1264 3030 1342 3070 De.
1367 3030 1446 3070 civ.
1475 3033 1600 3081 16:15
1634 3031 1708 3071 has
1735 3031 1847 3071 Deus
1868 3030 2033 3070 instead
2055 3043 2099 3095 of
