<?xml version="1.0" encoding="UTF-8"?>
<!DOCTYPE html PUBLIC "-//W3C//DTD XHTML 1.0 Transitional//EN"
    "http://www.w3.org/TR/xhtml1/DTD/xhtml1-transitional.dtd">
<html xmlns="http://www.w3.org/1999/xhtml" xml:lang="en" lang="en">
 <head>
  <title>
</title>
<meta http-equiv="Content-Type" content="text/html;charset=utf-8" />
  <meta name='ocr-system' content='tesseract 3.04.00' />
  <meta name='ocr-capabilities' content='ocr_page ocr_carea ocr_par ocr_line ocrx_word'/>
</head>
<body>
  <div class='ocr_page' id='page_1' title='image "./studyofaugustine00mcinrich_0032.png"; bbox 0 0 2309 3583; ppageno 0'>
   <div class='ocr_carea' id='block_1_1' title="bbox 390 245 1820 290">
    <p class='ocr_par' dir='ltr' id='par_1_1' title="bbox 390 245 1820 290">
     <span class='ocr_line' id='line_1_1' title="bbox 390 245 1820 290; baseline -0.001 0"><span class='ocrx_word' id='word_1_1' title='bbox 390 249 441 290; x_wconf 81' lang='lat'>16</span> <span class='ocrx_word' id='word_1_2' title='bbox 616 258 647 288; x_wconf 92' lang='lat' dir='ltr'><strong>A</strong></span> <span class='ocrx_word' id='word_1_3' title='bbox 678 258 825 288; x_wconf 83' lang='lat' dir='ltr'><strong>STUDY</strong></span> <span class='ocrx_word' id='word_1_4' title='bbox 856 257 912 288; x_wconf 86' lang='lat' dir='ltr'>OF</span> <span class='ocrx_word' id='word_1_5' title='bbox 941 245 1249 288; x_wconf 85' lang='lat' dir='ltr'>AUGUSTINE&#39;S</span> <span class='ocrx_word' id='word_1_6' title='bbox 1279 258 1506 289; x_wconf 87' lang='lat' dir='ltr'>VERSIONS</span> <span class='ocrx_word' id='word_1_7' title='bbox 1537 258 1595 289; x_wconf 89' lang='lat' dir='ltr'>OF</span> <span class='ocrx_word' id='word_1_8' title='bbox 1626 258 1820 289; x_wconf 91' lang='lat' dir='ltr'>GENESIS</span> 
     </span>
    </p>
   </div>
   <div class='ocr_carea' id='block_1_2' title="bbox 379 373 2050 3022">
    <p class='ocr_par' dir='ltr' id='par_1_2' title="bbox 379 373 2050 3022">
     <span class='ocr_line' id='line_1_2' title="bbox 385 373 2048 424; baseline -0.001 -11"><span class='ocrx_word' id='word_1_9' title='bbox 385 375 549 413; x_wconf 88' lang='lat' dir='ltr'>luceant</span> <span class='ocrx_word' id='word_1_10' title='bbox 588 385 709 423; x_wconf 86' lang='lat' dir='ltr'>super</span> <span class='ocrx_word' id='word_1_11' title='bbox 746 378 913 422; x_wconf 85' lang='lat' dir='ltr'>terram,</span> <span class='ocrx_word' id='word_1_12' title='bbox 949 385 1062 423; x_wconf 87' lang='lat' dir='ltr'>pera,</span> <span class='ocrx_word' id='word_1_13' title='bbox 1115 378 1156 411; x_wconf 88' lang='lat' dir='ltr'>et</span> <span class='ocrx_word' id='word_1_14' title='bbox 1207 373 1367 412; x_wconf 78' lang='lat' dir='ltr'>factum</span> <span class='ocrx_word' id='word_1_15' title='bbox 1419 378 1482 412; x_wconf 90' lang='lat' dir='ltr'>est</span> <span class='ocrx_word' id='word_1_16' title='bbox 1517 373 1589 412; x_wconf 87' lang='lat' dir='ltr'>las.</span> <span class='ocrx_word' id='word_1_17' title='bbox 1649 384 1709 423; x_wconf 90' lang='lat'>17.</span> <span class='ocrx_word' id='word_1_18' title='bbox 1740 373 1796 412; x_wconf 92' lang='lat' dir='ltr'>Et</span> <span class='ocrx_word' id='word_1_19' title='bbox 1828 373 1967 424; x_wconf 83' lang='lat' dir='ltr'>posuit</span> <span class='ocrx_word' id='word_1_20' title='bbox 2000 386 2048 412; x_wconf 87' lang='lat' dir='ltr'>ea</span> 
     </span>
     <span class='ocr_line' id='line_1_3' title="bbox 388 439 2047 490; baseline -0.001 -10"><span class='ocrx_word' id='word_1_21' title='bbox 388 443 447 480; x_wconf 82' lang='lat'>18.</span> <span class='ocrx_word' id='word_1_22' title='bbox 503 441 559 479; x_wconf 86' lang='lat' dir='ltr'>Et</span> <span class='ocrx_word' id='word_1_23' title='bbox 602 439 787 490; x_wconf 81' lang='lat' dir='ltr'>praesint</span> <span class='ocrx_word' id='word_1_24' title='bbox 834 439 913 478; x_wconf 89' lang='lat' dir='ltr'>diei</span> <span class='ocrx_word' id='word_1_25' title='bbox 950 452 1071 479; x_wconf 87' lang='lat' dir='ltr'>mane</span> <span class='ocrx_word' id='word_1_26' title='bbox 1139 439 1224 478; x_wconf 87' lang='lat' dir='ltr'>dies</span> <span class='ocrx_word' id='word_1_27' title='bbox 1292 445 1479 490; x_wconf 80' lang='lat' dir='ltr'>quartus.</span> <span class='ocrx_word' id='word_1_28' title='bbox 1517 440 1631 479; x_wconf 89' lang='lat' dir='ltr'>Deus</span> <span class='ocrx_word' id='word_1_29' title='bbox 1685 440 1727 478; x_wconf 91' lang='lat' dir='ltr'>in</span> <span class='ocrx_word' id='word_1_30' title='bbox 1783 439 2047 479; x_wconf 87' lang='lat' dir='ltr'>firmamento</span> 
     </span>
     <span class='ocr_line' id='line_1_4' title="bbox 384 505 2047 556; baseline -0.001 -10"><span class='ocrx_word' id='word_1_31' title='bbox 384 514 426 546; x_wconf 90' lang='lat' dir='ltr'>et</span> <span class='ocrx_word' id='word_1_32' title='bbox 468 506 594 556; x_wconf 89' lang='lat' dir='ltr'>nocti⁷</span> <span class='ocrx_word' id='word_1_33' title='bbox 637 511 679 545; x_wconf 91' lang='lat' dir='ltr'>et</span> <span class='ocrx_word' id='word_1_34' title='bbox 721 505 915 545; x_wconf 79' lang='lat' dir='ltr'>dividant</span> <span class='ocrx_word' id='word_1_35' title='bbox 952 517 1013 544; x_wconf 89' lang='lat'>20.</span> <span class='ocrx_word' id='word_1_36' title='bbox 1079 505 1135 544; x_wconf 89' lang='lat' dir='ltr'>Et</span> <span class='ocrx_word' id='word_1_37' title='bbox 1189 505 1293 545; x_wconf 81' lang='lat' dir='ltr'><strong>dixit</strong></span> <span class='ocrx_word' id='word_1_38' title='bbox 1349 506 1481 545; x_wconf 87' lang='lat' dir='ltr'>Deus:</span> <span class='ocrx_word' id='word_1_39' title='bbox 1517 506 1629 555; x_wconf 90' lang='lat' dir='ltr'>caeli,</span> <span class='ocrx_word' id='word_1_40' title='bbox 1684 506 1741 545; x_wconf 90' lang='lat' dir='ltr'>sic</span> <span class='ocrx_word' id='word_1_41' title='bbox 1795 512 1843 545; x_wconf 92' lang='lat' dir='ltr'>ut</span> <span class='ocrx_word' id='word_1_42' title='bbox 1880 507 2047 546; x_wconf 87' lang='lat' dir='ltr'>luceant</span> 
     </span>
     <span class='ocr_line' id='line_1_5' title="bbox 384 572 2048 623; baseline -0.001 -10"><span class='ocrx_word' id='word_1_43' title='bbox 384 574 491 613; x_wconf 87' lang='lat' dir='ltr'>inter</span> <span class='ocrx_word' id='word_1_44' title='bbox 521 573 631 612; x_wconf 90' lang='lat' dir='ltr'>diem</span> <span class='ocrx_word' id='word_1_45' title='bbox 661 578 702 611; x_wconf 90' lang='lat' dir='ltr'>et</span> <span class='ocrx_word' id='word_1_46' title='bbox 732 578 912 611; x_wconf 91' lang='lat' dir='ltr'>noctem.</span> <span class='ocrx_word' id='word_1_47' title='bbox 949 572 1129 611; x_wconf 86' lang='lat' dir='ltr'>Eiiciant</span> <span class='ocrx_word' id='word_1_48' title='bbox 1156 585 1289 623; x_wconf 85' lang='lat' dir='ltr'>aquae</span> <span class='ocrx_word' id='word_1_49' title='bbox 1317 572 1480 623; x_wconf 87' lang='lat' dir='ltr'>reptilia</span> <span class='ocrx_word' id='word_1_50' title='bbox 1516 585 1636 623; x_wconf 89' lang='lat' dir='ltr'>super</span> <span class='ocrx_word' id='word_1_51' title='bbox 1671 578 1840 612; x_wconf 86' lang='lat' dir='ltr'>terram.</span> <span class='ocrx_word' id='word_1_52' title='bbox 1901 575 1960 612; x_wconf 83' lang='lat'>18.</span> <span class='ocrx_word' id='word_1_53' title='bbox 1991 573 2048 612; x_wconf 91' lang='lat' dir='ltr'>Et</span> 
     </span>
     <span class='ocr_line' id='line_1_6' title="bbox 385 638 2047 690; baseline -0.001 -10"><span class='ocrx_word' id='word_1_54' title='bbox 385 642 442 680; x_wconf 90' lang='lat' dir='ltr'>Et</span> <span class='ocrx_word' id='word_1_55' title='bbox 491 639 598 679; x_wconf 88' lang='lat' dir='ltr'>vidit</span> <span class='ocrx_word' id='word_1_56' title='bbox 649 640 764 678; x_wconf 88' lang='lat' dir='ltr'>Deus</span> <span class='ocrx_word' id='word_1_57' title='bbox 816 639 913 690; x_wconf 85' lang='lat' dir='ltr'>quia</span> <span class='ocrx_word' id='word_1_58' title='bbox 949 638 1181 678; x_wconf 87' lang='lat' dir='ltr'>animarum</span> <span class='ocrx_word' id='word_1_59' title='bbox 1214 639 1405 678; x_wconf 79' lang='lat' dir='ltr'>vivarum</span> <span class='ocrx_word' id='word_1_60' title='bbox 1439 645 1480 678; x_wconf 92' lang='lat' dir='ltr'>et</span> <span class='ocrx_word' id='word_1_61' title='bbox 1516 644 1564 678; x_wconf 91' lang='lat' dir='ltr'>ut</span> <span class='ocrx_word' id='word_1_62' title='bbox 1608 639 1690 678; x_wconf 90' lang='lat' dir='ltr'>sint</span> <span class='ocrx_word' id='word_1_63' title='bbox 1733 639 1777 678; x_wconf 91' lang='lat' dir='ltr'>in</span> <span class='ocrx_word' id='word_1_64' title='bbox 1820 638 2047 678; x_wconf 85' lang='lat' dir='ltr'>inchoatio-</span> 
     </span>
     <span class='ocr_line' id='line_1_7' title="bbox 383 705 2048 756; baseline -0.001 -10"><span class='ocrx_word' id='word_1_65' title='bbox 383 708 540 747; x_wconf 90' lang='lat' dir='ltr'>bonum</span> <span class='ocrx_word' id='word_1_66' title='bbox 572 712 646 746; x_wconf 90' lang='lat' dir='ltr'>est.</span> <span class='ocrx_word' id='word_1_67' title='bbox 736 719 796 756; x_wconf 85' lang='lat'>19.</span> <span class='ocrx_word' id='word_1_68' title='bbox 856 706 913 745; x_wconf 93' lang='lat' dir='ltr'>Et</span> <span class='ocrx_word' id='word_1_69' title='bbox 948 705 1135 745; x_wconf 84' lang='lat' dir='ltr'>volatilia</span> <span class='ocrx_word' id='word_1_70' title='bbox 1154 705 1340 744; x_wconf 86' lang='lat' dir='ltr'>volantia</span> <span class='ocrx_word' id='word_1_71' title='bbox 1361 718 1481 756; x_wconf 89' lang='lat' dir='ltr'>super</span> <span class='ocrx_word' id='word_1_72' title='bbox 1516 718 1611 744; x_wconf 91' lang='lat' dir='ltr'>nem</span> <span class='ocrx_word' id='word_1_73' title='bbox 1649 706 1728 745; x_wconf 89' lang='lat' dir='ltr'>diei</span> <span class='ocrx_word' id='word_1_74' title='bbox 1761 711 1802 745; x_wconf 90' lang='lat' dir='ltr'>et</span> <span class='ocrx_word' id='word_1_75' title='bbox 1831 706 1976 755; x_wconf 85' lang='lat' dir='ltr'>noctis,</span> <span class='ocrx_word' id='word_1_76' title='bbox 2007 712 2048 745; x_wconf 91' lang='lat' dir='ltr'>et</span> 
     </span>
     <span class='ocr_line' id='line_1_8' title="bbox 383 771 2048 823; baseline -0.002 -9"><span class='ocrx_word' id='word_1_77' title='bbox 383 774 496 814; x_wconf 84' lang='lat' dir='ltr'>facta</span> <span class='ocrx_word' id='word_1_78' title='bbox 538 779 600 812; x_wconf 89' lang='lat' dir='ltr'>est</span> <span class='ocrx_word' id='word_1_79' title='bbox 641 785 826 823; x_wconf 86' lang='lat' dir='ltr'>vespera,</span> <span class='ocrx_word' id='word_1_80' title='bbox 871 777 913 811; x_wconf 91' lang='lat' dir='ltr'>et</span> <span class='ocrx_word' id='word_1_81' title='bbox 949 777 1103 811; x_wconf 89' lang='lat' dir='ltr'>terram</span> <span class='ocrx_word' id='word_1_82' title='bbox 1123 771 1198 810; x_wconf 93' lang='lat' dir='ltr'>sub</span> <span class='ocrx_word' id='word_1_83' title='bbox 1218 771 1481 811; x_wconf 86' lang='lat' dir='ltr'>firmamento</span> <span class='ocrx_word' id='word_1_84' title='bbox 1517 777 1564 810; x_wconf 91' lang='lat' dir='ltr'>ut</span> <span class='ocrx_word' id='word_1_85' title='bbox 1581 772 1771 812; x_wconf 86' lang='lat' dir='ltr'>dividant</span> <span class='ocrx_word' id='word_1_86' title='bbox 1789 772 1898 811; x_wconf 88' lang='lat' dir='ltr'>inter</span> <span class='ocrx_word' id='word_1_87' title='bbox 1915 772 2048 811; x_wconf 91' lang='lat' dir='ltr'>lucem</span> 
     </span>
     <span class='ocr_line' id='line_1_9' title="bbox 383 838 2048 880; baseline -0.001 0"><span class='ocrx_word' id='word_1_88' title='bbox 383 841 542 880; x_wconf 79' lang='lat' dir='ltr'>factum</span> <span class='ocrx_word' id='word_1_89' title='bbox 576 845 638 879; x_wconf 90' lang='lat' dir='ltr'>est</span> <span class='ocrx_word' id='word_1_90' title='bbox 671 852 792 878; x_wconf 85' lang='lat' dir='ltr'>mane</span> <span class='ocrx_word' id='word_1_91' title='bbox 826 838 912 878; x_wconf 93' lang='lat' dir='ltr'>dies</span> <span class='ocrx_word' id='word_1_92' title='bbox 950 838 1063 877; x_wconf 82' lang='lat' dir='ltr'>caeli.</span> <span class='ocrx_word' id='word_1_93' title='bbox 1120 838 1175 877; x_wconf 85' lang='lat' dir='ltr'>Et</span> <span class='ocrx_word' id='word_1_94' title='bbox 1209 838 1265 877; x_wconf 90' lang='lat' dir='ltr'>sic</span> <span class='ocrx_word' id='word_1_95' title='bbox 1299 844 1361 877; x_wconf 90' lang='lat' dir='ltr'>est</span> <span class='ocrx_word' id='word_1_96' title='bbox 1398 838 1482 877; x_wconf 76' lang='lat' dir='ltr'>fac·</span> <span class='ocrx_word' id='word_1_97' title='bbox 1517 843 1559 877; x_wconf 91' lang='lat' dir='ltr'>et</span> <span class='ocrx_word' id='word_1_98' title='bbox 1589 839 1793 878; x_wconf 82' lang='lat' dir='ltr'><strong>tenebras.</strong></span> <span class='ocrx_word' id='word_1_99' title='bbox 1850 839 1907 878; x_wconf 90' lang='lat' dir='ltr'>Et</span> <span class='ocrx_word' id='word_1_100' title='bbox 1940 838 2048 878; x_wconf 87' lang='lat' dir='ltr'>vidit</span> 
     </span>
     <span class='ocr_line' id='line_1_10' title="bbox 384 904 2046 959; baseline -0.002 -12"><span class='ocrx_word' id='word_1_101' title='bbox 384 913 568 959; x_wconf 87' lang='lat' dir='ltr'>quartus.</span> <span class='ocrx_word' id='word_1_102' title='bbox 627 919 687 945; x_wconf 92' lang='lat'>20.</span> <span class='ocrx_word' id='word_1_103' title='bbox 731 906 787 944; x_wconf 91' lang='lat' dir='ltr'>Et</span> <span class='ocrx_word' id='word_1_104' title='bbox 809 905 913 945; x_wconf 90' lang='lat' dir='ltr'>dixit</span> <span class='ocrx_word' id='word_1_105' title='bbox 949 910 1053 944; x_wconf 90' lang='lat' dir='ltr'>tum.</span> <span class='ocrx_word' id='word_1_106' title='bbox 1112 918 1173 943; x_wconf 88' lang='lat'>21.</span> <span class='ocrx_word' id='word_1_107' title='bbox 1204 905 1260 944; x_wconf 90' lang='lat' dir='ltr'>Et</span> <span class='ocrx_word' id='word_1_108' title='bbox 1279 904 1379 944; x_wconf 83' lang='lat' dir='ltr'>fecit</span> <span class='ocrx_word' id='word_1_109' title='bbox 1399 905 1481 943; x_wconf 83' lang='lat' dir='ltr'>De·</span> <span class='ocrx_word' id='word_1_110' title='bbox 1517 905 1631 944; x_wconf 89' lang='lat' dir='ltr'>Deus</span> <span class='ocrx_word' id='word_1_111' title='bbox 1659 905 1756 956; x_wconf 90' lang='lat' dir='ltr'>quia</span> <span class='ocrx_word' id='word_1_112' title='bbox 1784 905 1942 944; x_wconf 91' lang='lat' dir='ltr'>bonum</span> <span class='ocrx_word' id='word_1_113' title='bbox 1971 910 2046 944; x_wconf 88' lang='lat' dir='ltr'>est.</span> 
     </span>
     <span class='ocr_line' id='line_1_11' title="bbox 383 971 2045 1023; baseline -0.002 -9"><span class='ocrx_word' id='word_1_114' title='bbox 383 975 515 1014; x_wconf 88' lang='lat' dir='ltr'>Deus:</span> <span class='ocrx_word' id='word_1_115' title='bbox 565 972 743 1012; x_wconf 89' lang='lat' dir='ltr'>Eiiciant</span> <span class='ocrx_word' id='word_1_116' title='bbox 778 985 912 1023; x_wconf 86' lang='lat' dir='ltr'>aquae</span> <span class='ocrx_word' id='word_1_117' title='bbox 949 984 997 1010; x_wconf 92' lang='lat' dir='ltr'>us</span> <span class='ocrx_word' id='word_1_118' title='bbox 1051 977 1164 1010; x_wconf 89' lang='lat' dir='ltr'>cetos</span> <span class='ocrx_word' id='word_1_119' title='bbox 1215 984 1386 1021; x_wconf 87' lang='lat' dir='ltr'>magnos</span> <span class='ocrx_word' id='word_1_120' title='bbox 1439 977 1481 1010; x_wconf 87' lang='lat' dir='ltr'>et</span> <span class='ocrx_word' id='word_1_121' title='bbox 1520 985 1579 1022; x_wconf 86' lang='lat'>19.</span> <span class='ocrx_word' id='word_1_122' title='bbox 1609 972 1665 1010; x_wconf 92' lang='lat' dir='ltr'>Et</span> <span class='ocrx_word' id='word_1_123' title='bbox 1702 971 1816 1011; x_wconf 77' lang='lat' dir='ltr'>facta</span> <span class='ocrx_word' id='word_1_124' title='bbox 1854 977 1917 1011; x_wconf 87' lang='grc' dir='ltr'>θεῖ</span> <span class='ocrx_word' id='word_1_125' title='bbox 1956 985 2045 1011; x_wconf 83' lang='grc' dir='ltr'>νθε-</span> 
     </span>
     <span class='ocr_line' id='line_1_12' title="bbox 383 1037 2048 1092; baseline -0.002 -12"><span class='ocrx_word' id='word_1_126' title='bbox 383 1040 545 1092; x_wconf 86' lang='lat' dir='ltr'>reptilia</span> <span class='ocrx_word' id='word_1_127' title='bbox 557 1039 789 1079; x_wconf 87' lang='lat' dir='ltr'>animarum</span> <span class='ocrx_word' id='word_1_128' title='bbox 800 1039 914 1078; x_wconf 86' lang='lat' dir='ltr'>viva·</span> <span class='ocrx_word' id='word_1_129' title='bbox 949 1050 1115 1077; x_wconf 90' lang='lat' dir='ltr'>omnem</span> <span class='ocrx_word' id='word_1_130' title='bbox 1162 1037 1346 1077; x_wconf 79' lang='lat' dir='ltr'>animam</span> <span class='ocrx_word' id='word_1_131' title='bbox 1394 1037 1482 1077; x_wconf 84' lang='lat' dir='ltr'>ani·</span> <span class='ocrx_word' id='word_1_132' title='bbox 1515 1050 1627 1088; x_wconf 87' lang='lat' dir='ltr'>pera,</span> <span class='ocrx_word' id='word_1_133' title='bbox 1681 1043 1723 1077; x_wconf 90' lang='lat' dir='ltr'>et</span> <span class='ocrx_word' id='word_1_134' title='bbox 1773 1038 1934 1078; x_wconf 80' lang='lat' dir='ltr'>factum</span> <span class='ocrx_word' id='word_1_135' title='bbox 1985 1044 2048 1077; x_wconf 89' lang='grc' dir='ltr'>θεῖ</span> 
     </span>
     <span class='ocr_line' id='line_1_13' title="bbox 383 1103 2046 1155; baseline -0.002 -8"><span class='ocrx_word' id='word_1_136' title='bbox 383 1120 488 1155; x_wconf 86' lang='lat' dir='ltr'>rum,</span> <span class='ocrx_word' id='word_1_137' title='bbox 507 1112 548 1146; x_wconf 90' lang='lat' dir='ltr'>et</span> <span class='ocrx_word' id='word_1_138' title='bbox 566 1105 751 1146; x_wconf 81' lang='lat' dir='ltr'>volatilia</span> <span class='ocrx_word' id='word_1_139' title='bbox 770 1105 912 1144; x_wconf 85' lang='lat' dir='ltr'>volan-</span> <span class='ocrx_word' id='word_1_140' title='bbox 949 1103 1119 1143; x_wconf 88' lang='lat' dir='ltr'>malium</span> <span class='ocrx_word' id='word_1_141' title='bbox 1175 1104 1481 1155; x_wconf 85' lang='lat' dir='ltr'>repentium,</span> <span class='ocrx_word' id='word_1_142' title='bbox 1516 1116 1637 1143; x_wconf 88' lang='lat' dir='ltr'>mane</span> <span class='ocrx_word' id='word_1_143' title='bbox 1652 1104 1737 1144; x_wconf 91' lang='lat' dir='ltr'>dies</span> <span class='ocrx_word' id='word_1_144' title='bbox 1752 1110 1939 1155; x_wconf 90' lang='lat' dir='ltr'>quartus.</span> <span class='ocrx_word' id='word_1_145' title='bbox 1986 1118 2046 1144; x_wconf 88' lang='lat'>20.</span> 
     </span>
     <span class='ocr_line' id='line_1_14' title="bbox 382 1170 2049 1224; baseline -0.002 -11"><span class='ocrx_word' id='word_1_146' title='bbox 382 1175 442 1214; x_wconf 86' lang='lat' dir='ltr'>tia</span> <span class='ocrx_word' id='word_1_147' title='bbox 482 1186 602 1224; x_wconf 88' lang='lat' dir='ltr'>super</span> <span class='ocrx_word' id='word_1_148' title='bbox 640 1178 794 1211; x_wconf 90' lang='lat' dir='ltr'>terram</span> <span class='ocrx_word' id='word_1_149' title='bbox 834 1172 910 1211; x_wconf 92' lang='lat' dir='ltr'>sub</span> <span class='ocrx_word' id='word_1_150' title='bbox 950 1184 1055 1222; x_wconf 86' lang='lat' dir='ltr'>quae</span> <span class='ocrx_word' id='word_1_151' title='bbox 1098 1171 1305 1210; x_wconf 90' lang='lat' dir='ltr'>eiecerunt</span> <span class='ocrx_word' id='word_1_152' title='bbox 1348 1184 1481 1221; x_wconf 85' lang='lat' dir='ltr'>aquae</span> <span class='ocrx_word' id='word_1_153' title='bbox 1517 1171 1573 1209; x_wconf 91' lang='lat' dir='ltr'>Et</span> <span class='ocrx_word' id='word_1_154' title='bbox 1609 1170 1713 1210; x_wconf 87' lang='lat' dir='ltr'>dixit</span> <span class='ocrx_word' id='word_1_155' title='bbox 1749 1172 1882 1210; x_wconf 91' lang='lat' dir='ltr'>Deus:</span> <span class='ocrx_word' id='word_1_156' title='bbox 1936 1171 2049 1211; x_wconf 91' lang='lat' dir='ltr'>Edu-</span> 
     </span>
     <span class='ocr_line' id='line_1_15' title="bbox 382 1237 2049 1288; baseline -0.002 -8"><span class='ocrx_word' id='word_1_157' title='bbox 382 1241 644 1280; x_wconf 87' lang='lat' dir='ltr'>firmamento</span> <span class='ocrx_word' id='word_1_158' title='bbox 686 1238 798 1277; x_wconf 88' lang='lat' dir='ltr'>coeli.</span> <span class='ocrx_word' id='word_1_159' title='bbox 855 1239 911 1277; x_wconf 90' lang='lat' dir='ltr'>Et</span> <span class='ocrx_word' id='word_1_160' title='bbox 949 1250 1064 1276; x_wconf 89' lang='lat' dir='ltr'>secu</span> <span class='ocrx_word' id='word_1_161' title='bbox 1077 1237 1231 1276; x_wconf 92' lang='lat' dir='ltr'>ndum</span> <span class='ocrx_word' id='word_1_162' title='bbox 1258 1250 1387 1288; x_wconf 87' lang='lat' dir='ltr'>genus</span> <span class='ocrx_word' id='word_1_163' title='bbox 1416 1250 1481 1276; x_wconf 93' lang='lat' dir='ltr'>eo-</span> <span class='ocrx_word' id='word_1_164' title='bbox 1517 1242 1614 1276; x_wconf 89' lang='lat' dir='ltr'>cant</span> <span class='ocrx_word' id='word_1_165' title='bbox 1632 1250 1764 1288; x_wconf 84' lang='lat' dir='ltr'>aquae</span> <span class='ocrx_word' id='word_1_166' title='bbox 1780 1237 1944 1288; x_wconf 90' lang='lat' dir='ltr'>reptilia</span> <span class='ocrx_word' id='word_1_167' title='bbox 1961 1237 2049 1277; x_wconf 88' lang='lat' dir='ltr'>ani-</span> 
     </span>
     <span class='ocr_line' id='line_1_16' title="bbox 382 1303 2049 1354; baseline -0.002 -8"><span class='ocrx_word' id='word_1_168' title='bbox 382 1307 438 1347; x_wconf 93' lang='lat' dir='ltr'>sic</span> <span class='ocrx_word' id='word_1_169' title='bbox 455 1306 703 1346; x_wconf 77' lang='lat' dir='ltr'>estfactum.</span> <span class='ocrx_word' id='word_1_170' title='bbox 762 1318 823 1344; x_wconf 90' lang='lat'>21.</span> <span class='ocrx_word' id='word_1_171' title='bbox 854 1305 910 1344; x_wconf 89' lang='lat' dir='ltr'>Et</span> <span class='ocrx_word' id='word_1_172' title='bbox 947 1317 1053 1354; x_wconf 88' lang='lat' dir='ltr'>rum,</span> <span class='ocrx_word' id='word_1_173' title='bbox 1087 1309 1130 1343; x_wconf 90' lang='lat' dir='ltr'>et</span> <span class='ocrx_word' id='word_1_174' title='bbox 1162 1317 1284 1343; x_wconf 89' lang='lat' dir='ltr'>omne</span> <span class='ocrx_word' id='word_1_175' title='bbox 1312 1304 1481 1343; x_wconf 87' lang='lat' dir='ltr'>volatile</span> <span class='ocrx_word' id='word_1_176' title='bbox 1516 1316 1678 1343; x_wconf 86' lang='lat' dir='ltr'>marum</span> <span class='ocrx_word' id='word_1_177' title='bbox 1705 1303 1897 1343; x_wconf 86' lang='lat' dir='ltr'>vivarum</span> <span class='ocrx_word' id='word_1_178' title='bbox 1916 1310 1958 1343; x_wconf 90' lang='lat' dir='ltr'>et</span> <span class='ocrx_word' id='word_1_179' title='bbox 1978 1317 2049 1343; x_wconf 88' lang='lat' dir='ltr'>vo-</span> 
     </span>
     <span class='ocr_line' id='line_1_17' title="bbox 382 1370 2050 1422; baseline -0.002 -9"><span class='ocrx_word' id='word_1_180' title='bbox 382 1374 479 1414; x_wconf 80' lang='lat' dir='ltr'>fecit</span> <span class='ocrx_word' id='word_1_181' title='bbox 517 1374 631 1412; x_wconf 92' lang='lat' dir='ltr'>Deus</span> <span class='ocrx_word' id='word_1_182' title='bbox 659 1378 771 1411; x_wconf 89' lang='lat' dir='ltr'>cetos</span> <span class='ocrx_word' id='word_1_183' title='bbox 800 1384 911 1422; x_wconf 85' lang='lat' dir='ltr'>mag·</span> <span class='ocrx_word' id='word_1_184' title='bbox 946 1375 1177 1421; x_wconf 86' lang='lat' dir='ltr'>pennatum</span> <span class='ocrx_word' id='word_1_185' title='bbox 1253 1370 1481 1410; x_wconf 87' lang='lat' dir='ltr'>secundum</span> <span class='ocrx_word' id='word_1_186' title='bbox 1516 1370 1646 1410; x_wconf 90' lang='lat' dir='ltr'>latilia</span> <span class='ocrx_word' id='word_1_187' title='bbox 1674 1384 1795 1421; x_wconf 91' lang='lat' dir='ltr'>super</span> <span class='ocrx_word' id='word_1_188' title='bbox 1815 1376 1969 1410; x_wconf 88' lang='lat' dir='ltr'>terram</span> <span class='ocrx_word' id='word_1_189' title='bbox 1989 1384 2050 1410; x_wconf 92' lang='lat' dir='ltr'>se-</span> 
     </span>
     <span class='ocr_line' id='line_1_18' title="bbox 383 1437 2049 1489; baseline -0.002 -9"><span class='ocrx_word' id='word_1_190' title='bbox 383 1454 470 1489; x_wconf 84' lang='lat' dir='ltr'>nos,</span> <span class='ocrx_word' id='word_1_191' title='bbox 493 1445 535 1479; x_wconf 89' lang='lat' dir='ltr'>et</span> <span class='ocrx_word' id='word_1_192' title='bbox 549 1451 714 1478; x_wconf 88' lang='lat' dir='ltr'>omnem</span> <span class='ocrx_word' id='word_1_193' title='bbox 729 1438 912 1477; x_wconf 87' lang='lat' dir='ltr'>animam</span> <span class='ocrx_word' id='word_1_194' title='bbox 948 1450 1069 1476; x_wconf 92' lang='lat' dir='ltr'>suum</span> <span class='ocrx_word' id='word_1_195' title='bbox 1093 1450 1234 1488; x_wconf 89' lang='lat' dir='ltr'>genus.</span> <span class='ocrx_word' id='word_1_196' title='bbox 1291 1438 1347 1476; x_wconf 93' lang='lat' dir='ltr'>Et</span> <span class='ocrx_word' id='word_1_197' title='bbox 1372 1437 1481 1477; x_wconf 90' lang='lat' dir='ltr'>vidit</span> <span class='ocrx_word' id='word_1_198' title='bbox 1516 1437 1698 1477; x_wconf 88' lang='lat' dir='ltr'>cundum</span> <span class='ocrx_word' id='word_1_199' title='bbox 1737 1437 2049 1477; x_wconf 88' lang='lat' dir='ltr'>firmamentum</span> 
     </span>
     <span class='ocr_line' id='line_1_19' title="bbox 381 1504 2049 1556; baseline -0.001 -10"><span class='ocrx_word' id='word_1_200' title='bbox 381 1506 622 1547; x_wconf 86' lang='lat' dir='ltr'>animalium</span> <span class='ocrx_word' id='word_1_201' title='bbox 660 1510 701 1544; x_wconf 92' lang='lat' dir='ltr'>et</span> <span class='ocrx_word' id='word_1_202' title='bbox 732 1505 910 1556; x_wconf 90' lang='lat' dir='ltr'>repenti-</span> <span class='ocrx_word' id='word_1_203' title='bbox 947 1505 1064 1543; x_wconf 93' lang='lat' dir='ltr'>Deus</span> <span class='ocrx_word' id='word_1_204' title='bbox 1091 1504 1189 1555; x_wconf 85' lang='lat' dir='ltr'>quia</span> <span class='ocrx_word' id='word_1_205' title='bbox 1216 1504 1374 1543; x_wconf 92' lang='lat' dir='ltr'>bonum</span> <span class='ocrx_word' id='word_1_206' title='bbox 1403 1510 1478 1544; x_wconf 90' lang='grc' dir='ltr'>θεῖ.</span> <span class='ocrx_word' id='word_1_207' title='bbox 1517 1504 1630 1543; x_wconf 90' lang='lat' dir='ltr'>caeli.</span> <span class='ocrx_word' id='word_1_208' title='bbox 1687 1504 1744 1543; x_wconf 89' lang='lat' dir='ltr'>Et</span> <span class='ocrx_word' id='word_1_209' title='bbox 1785 1505 1945 1544; x_wconf 84' lang='lat' dir='ltr'>factum</span> <span class='ocrx_word' id='word_1_210' title='bbox 1986 1510 2049 1544; x_wconf 88' lang='grc' dir='ltr'>θεῖ</span> 
     </span>
     <span class='ocr_line' id='line_1_20' title="bbox 384 1571 2049 1624; baseline -0.002 -11"><span class='ocrx_word' id='word_1_211' title='bbox 384 1587 455 1613; x_wconf 91' lang='lat' dir='ltr'>um</span> <span class='ocrx_word' id='word_1_212' title='bbox 528 1585 633 1624; x_wconf 90' lang='lat' dir='ltr'>quae</span> <span class='ocrx_word' id='word_1_213' title='bbox 706 1572 912 1611; x_wconf 88' lang='lat' dir='ltr'>eiecerunt</span> <span class='ocrx_word' id='word_1_214' title='bbox 951 1584 1011 1610; x_wconf 92' lang='lat'>22.</span> <span class='ocrx_word' id='word_1_215' title='bbox 1060 1571 1117 1619; x_wconf 86' lang='lat' dir='ltr'>Et</span> <span class='ocrx_word' id='word_1_216' title='bbox 1165 1571 1377 1610; x_wconf 81' lang='lat' dir='ltr'>benedixit</span> <span class='ocrx_word' id='word_1_217' title='bbox 1427 1585 1475 1611; x_wconf 89' lang='lat' dir='ltr'>ea</span> <span class='ocrx_word' id='word_1_218' title='bbox 1517 1571 1586 1609; x_wconf 91' lang='lat' dir='ltr'>sic.</span> <span class='ocrx_word' id='word_1_219' title='bbox 1647 1584 1707 1609; x_wconf 90' lang='lat'>21.</span> <span class='ocrx_word' id='word_1_220' title='bbox 1738 1571 1794 1610; x_wconf 93' lang='lat' dir='ltr'>Et</span> <span class='ocrx_word' id='word_1_221' title='bbox 1814 1571 1913 1610; x_wconf 77' lang='lat' dir='ltr'>fecit</span> <span class='ocrx_word' id='word_1_222' title='bbox 1934 1572 2049 1610; x_wconf 87' lang='lat' dir='ltr'>Deus</span> 
     </span>
     <span class='ocr_line' id='line_1_21' title="bbox 382 1637 2049 1692; baseline -0.001 -13"><span class='ocrx_word' id='word_1_223' title='bbox 382 1653 545 1692; x_wconf 88' lang='lat' dir='ltr'>aquae</span> <span class='ocrx_word' id='word_1_224' title='bbox 638 1639 913 1678; x_wconf 89' lang='lat' dir='ltr'>secundum</span> <span class='ocrx_word' id='word_1_225' title='bbox 948 1638 1064 1677; x_wconf 89' lang='lat' dir='ltr'>Deus</span> <span class='ocrx_word' id='word_1_226' title='bbox 1095 1637 1251 1676; x_wconf 89' lang='lat' dir='ltr'>dicens:</span> <span class='ocrx_word' id='word_1_227' title='bbox 1299 1637 1481 1677; x_wconf 83' lang='lat' dir='ltr'>Crescite</span> <span class='ocrx_word' id='word_1_228' title='bbox 1518 1642 1631 1676; x_wconf 91' lang='lat' dir='ltr'>cetos</span> <span class='ocrx_word' id='word_1_229' title='bbox 1658 1650 1830 1688; x_wconf 87' lang='lat' dir='ltr'>magnos</span> <span class='ocrx_word' id='word_1_230' title='bbox 1858 1643 1900 1677; x_wconf 92' lang='lat' dir='ltr'>et</span> <span class='ocrx_word' id='word_1_231' title='bbox 1927 1651 2049 1677; x_wconf 92' lang='lat' dir='ltr'>omne</span> 
     </span>
     <span class='ocr_line' id='line_1_22' title="bbox 382 1703 2049 1756; baseline -0.001 -10"><span class='ocrx_word' id='word_1_232' title='bbox 382 1706 701 1756; x_wconf 86' lang='lat' dir='ltr'>uniuscuiusque</span> <span class='ocrx_word' id='word_1_233' title='bbox 713 1718 855 1756; x_wconf 83' lang='lat' dir='ltr'>genus,</span> <span class='ocrx_word' id='word_1_234' title='bbox 871 1711 913 1745; x_wconf 90' lang='lat' dir='ltr'>et</span> <span class='ocrx_word' id='word_1_235' title='bbox 947 1710 990 1744; x_wconf 92' lang='lat' dir='ltr'>et</span> <span class='ocrx_word' id='word_1_236' title='bbox 1048 1703 1382 1755; x_wconf 83' lang='lat' dir='ltr'>multiplicamini</span> <span class='ocrx_word' id='word_1_237' title='bbox 1439 1710 1482 1744; x_wconf 91' lang='lat' dir='ltr'>et</span> <span class='ocrx_word' id='word_1_238' title='bbox 1517 1704 1670 1743; x_wconf 87' lang='lat' dir='ltr'>animal</span> <span class='ocrx_word' id='word_1_239' title='bbox 1695 1704 1917 1755; x_wconf 84' lang='lat' dir='ltr'>reptilium,</span> <span class='ocrx_word' id='word_1_240' title='bbox 1943 1718 2049 1756; x_wconf 90' lang='lat' dir='ltr'>quae</span> 
     </span>
     <span class='ocr_line' id='line_1_23' title="bbox 382 1771 2048 1823; baseline -0.001 -11"><span class='ocrx_word' id='word_1_241' title='bbox 382 1787 504 1813; x_wconf 91' lang='lat' dir='ltr'>omne</span> <span class='ocrx_word' id='word_1_242' title='bbox 560 1786 688 1823; x_wconf 88' lang='lat' dir='ltr'>genus</span> <span class='ocrx_word' id='word_1_243' title='bbox 744 1772 913 1812; x_wconf 87' lang='lat' dir='ltr'>volatile</span> <span class='ocrx_word' id='word_1_244' title='bbox 947 1771 1102 1822; x_wconf 88' lang='lat' dir='ltr'>inplete</span> <span class='ocrx_word' id='word_1_245' title='bbox 1118 1784 1249 1822; x_wconf 84' lang='lat' dir='ltr'>aquas</span> <span class='ocrx_word' id='word_1_246' title='bbox 1268 1771 1410 1820; x_wconf 90' lang='lat' dir='ltr'>maris;</span> <span class='ocrx_word' id='word_1_247' title='bbox 1439 1777 1482 1810; x_wconf 91' lang='lat' dir='ltr'>et</span> <span class='ocrx_word' id='word_1_248' title='bbox 1517 1771 1746 1810; x_wconf 89' lang='lat' dir='ltr'>eduxerunt</span> <span class='ocrx_word' id='word_1_249' title='bbox 1759 1784 1893 1822; x_wconf 88' lang='lat' dir='ltr'>aquae</span> <span class='ocrx_word' id='word_1_250' title='bbox 1907 1784 2048 1810; x_wconf 89' lang='lat' dir='ltr'>secun-</span> 
     </span>
     <span class='ocr_line' id='line_1_24' title="bbox 381 1837 2049 1892; baseline -0.001 -12"><span class='ocrx_word' id='word_1_251' title='bbox 381 1846 613 1892; x_wconf 87' lang='lat' dir='ltr'>pennatum</span> <span class='ocrx_word' id='word_1_252' title='bbox 687 1839 913 1879; x_wconf 91' lang='lat' dir='ltr'>secundum</span> <span class='ocrx_word' id='word_1_253' title='bbox 947 1838 1134 1877; x_wconf 85' lang='lat' dir='ltr'>volatilia</span> <span class='ocrx_word' id='word_1_254' title='bbox 1153 1838 1482 1889; x_wconf 87' lang='lat' dir='ltr'>multiplicentur</span> <span class='ocrx_word' id='word_1_255' title='bbox 1517 1837 1617 1877; x_wconf 87' lang='lat' dir='ltr'>dum</span> <span class='ocrx_word' id='word_1_256' title='bbox 1651 1850 1780 1888; x_wconf 88' lang='lat' dir='ltr'>genus</span> <span class='ocrx_word' id='word_1_257' title='bbox 1815 1851 1969 1888; x_wconf 87' lang='lat' dir='ltr'>eorum,</span> <span class='ocrx_word' id='word_1_258' title='bbox 2006 1844 2049 1878; x_wconf 91' lang='lat' dir='ltr'>et</span> 
     </span>
     <span class='ocr_line' id='line_1_25' title="bbox 382 1905 2049 1959; baseline -0.001 -13"><span class='ocrx_word' id='word_1_259' title='bbox 382 1921 522 1959; x_wconf 86' lang='lat' dir='ltr'>genus.</span> <span class='ocrx_word' id='word_1_260' title='bbox 590 1907 646 1946; x_wconf 91' lang='lat' dir='ltr'>Et</span> <span class='ocrx_word' id='word_1_261' title='bbox 668 1906 775 1945; x_wconf 88' lang='lat' dir='ltr'>vidit</span> <span class='ocrx_word' id='word_1_262' title='bbox 798 1907 912 1946; x_wconf 91' lang='lat' dir='ltr'>Deus</span> <span class='ocrx_word' id='word_1_263' title='bbox 947 1917 1069 1955; x_wconf 89' lang='lat' dir='ltr'>super</span> <span class='ocrx_word' id='word_1_264' title='bbox 1106 1910 1274 1944; x_wconf 86' lang='lat' dir='ltr'>terram.</span> <span class='ocrx_word' id='word_1_265' title='bbox 1334 1917 1394 1955; x_wconf 83' lang='lat'>23.</span> <span class='ocrx_word' id='word_1_266' title='bbox 1425 1905 1482 1943; x_wconf 91' lang='lat' dir='ltr'>Et</span> <span class='ocrx_word' id='word_1_267' title='bbox 1515 1917 1637 1943; x_wconf 91' lang='lat' dir='ltr'>omne</span> <span class='ocrx_word' id='word_1_268' title='bbox 1681 1905 1848 1944; x_wconf 88' lang='lat' dir='ltr'>volatile</span> <span class='ocrx_word' id='word_1_269' title='bbox 1891 1918 2049 1957; x_wconf 88' lang='lat' dir='ltr'>penna·</span> 
     </span>
     <span class='ocr_line' id='line_1_26' title="bbox 384 1971 2046 2025; baseline -0.001 -12"><span class='ocrx_word' id='word_1_270' title='bbox 384 1974 481 2025; x_wconf 84' lang='lat' dir='ltr'>quia</span> <span class='ocrx_word' id='word_1_271' title='bbox 523 1974 633 2013; x_wconf 84' lang='lat' dir='ltr'>bona</span> <span class='ocrx_word' id='word_1_272' title='bbox 676 1979 790 2013; x_wconf 88' lang='lat' dir='ltr'>sunt:</span> <span class='ocrx_word' id='word_1_273' title='bbox 850 1987 910 2013; x_wconf 90' lang='lat'>22.</span> <span class='ocrx_word' id='word_1_274' title='bbox 947 1971 1060 2010; x_wconf 84' lang='lat' dir='ltr'>facta</span> <span class='ocrx_word' id='word_1_275' title='bbox 1102 1977 1165 2010; x_wconf 89' lang='grc' dir='ltr'>θεῖ</span> <span class='ocrx_word' id='word_1_276' title='bbox 1207 1984 1394 2022; x_wconf 87' lang='lat' dir='ltr'>vespera,</span> <span class='ocrx_word' id='word_1_277' title='bbox 1438 1976 1481 2010; x_wconf 90' lang='lat' dir='ltr'>et</span> <span class='ocrx_word' id='word_1_278' title='bbox 1517 1976 1609 2010; x_wconf 91' lang='lat' dir='ltr'>tum</span> <span class='ocrx_word' id='word_1_279' title='bbox 1644 1971 1870 2011; x_wconf 89' lang='lat' dir='ltr'>secundum</span> <span class='ocrx_word' id='word_1_280' title='bbox 1905 1985 2046 2022; x_wconf 87' lang='lat' dir='ltr'>genus.</span> 
     </span>
     <span class='ocr_line' id='line_1_27' title="bbox 383 2037 2047 2089; baseline -0.001 -9"><span class='ocrx_word' id='word_1_281' title='bbox 383 2042 438 2080; x_wconf 89' lang='lat' dir='ltr'>Et</span> <span class='ocrx_word' id='word_1_282' title='bbox 464 2040 673 2080; x_wconf 78' lang='lat' dir='ltr'>benedixit</span> <span class='ocrx_word' id='word_1_283' title='bbox 699 2040 769 2079; x_wconf 85' lang='lat' dir='ltr'>illa</span> <span class='ocrx_word' id='word_1_284' title='bbox 797 2041 912 2080; x_wconf 86' lang='lat' dir='ltr'>Deus</span> <span class='ocrx_word' id='word_1_285' title='bbox 947 2038 1107 2077; x_wconf 81' lang='lat' dir='ltr'>factum</span> <span class='ocrx_word' id='word_1_286' title='bbox 1140 2043 1204 2077; x_wconf 91' lang='grc' dir='ltr'>θεῖ</span> <span class='ocrx_word' id='word_1_287' title='bbox 1238 2051 1359 2077; x_wconf 90' lang='lat' dir='ltr'>mane</span> <span class='ocrx_word' id='word_1_288' title='bbox 1395 2037 1481 2077; x_wconf 92' lang='lat' dir='ltr'>dies</span> <span class='ocrx_word' id='word_1_289' title='bbox 1518 2038 1812 2077; x_wconf 84' lang='lat' dir='ltr'>EtviditDeus</span> <span class='ocrx_word' id='word_1_290' title='bbox 1826 2038 1923 2089; x_wconf 91' lang='lat' dir='ltr'>quia</span> <span class='ocrx_word' id='word_1_291' title='bbox 1936 2039 2047 2078; x_wconf 88' lang='lat' dir='ltr'>bona</span> 
     </span>
     <span class='ocr_line' id='line_1_28' title="bbox 382 2104 2049 2155; baseline -0.001 -8"><span class='ocrx_word' id='word_1_292' title='bbox 382 2108 537 2148; x_wconf 89' lang='lat' dir='ltr'>dicens:</span> <span class='ocrx_word' id='word_1_293' title='bbox 633 2106 814 2146; x_wconf 84' lang='lat' dir='ltr'>Crescite</span> <span class='ocrx_word' id='word_1_294' title='bbox 869 2113 912 2147; x_wconf 88' lang='lat' dir='ltr'>et</span> <span class='ocrx_word' id='word_1_295' title='bbox 948 2104 1132 2155; x_wconf 88' lang='lat' dir='ltr'>quintus.</span> <span class='ocrx_word' id='word_1_296' title='bbox 1191 2117 1251 2152; x_wconf 86' lang='lat'>24.</span> <span class='ocrx_word' id='word_1_297' title='bbox 1282 2105 1338 2143; x_wconf 93' lang='lat' dir='ltr'>Et</span> <span class='ocrx_word' id='word_1_298' title='bbox 1376 2104 1480 2143; x_wconf 87' lang='lat' dir='ltr'>dixit</span> <span class='ocrx_word' id='word_1_299' title='bbox 1518 2110 1627 2144; x_wconf 92' lang='lat' dir='ltr'>sunt.</span> <span class='ocrx_word' id='word_1_300' title='bbox 1677 2118 1738 2144; x_wconf 89' lang='lat'>22.</span> <span class='ocrx_word' id='word_1_301' title='bbox 1769 2105 1825 2144; x_wconf 91' lang='lat' dir='ltr'>Et</span> <span class='ocrx_word' id='word_1_302' title='bbox 1839 2105 2049 2145; x_wconf 84' lang='lat' dir='ltr'>benedixit</span> 
     </span>
     <span class='ocr_line' id='line_1_29' title="bbox 381 2171 2049 2225; baseline -0.002 -11"><span class='ocrx_word' id='word_1_303' title='bbox 381 2173 713 2225; x_wconf 82' lang='lat' dir='ltr'>multiplicamini</span> <span class='ocrx_word' id='word_1_304' title='bbox 761 2179 803 2212; x_wconf 90' lang='lat' dir='ltr'>et</span> <span class='ocrx_word' id='word_1_305' title='bbox 852 2187 912 2213; x_wconf 86' lang='lat' dir='ltr'>re·</span> <span class='ocrx_word' id='word_1_306' title='bbox 949 2171 1081 2210; x_wconf 88' lang='lat' dir='ltr'>Deus:</span> <span class='ocrx_word' id='word_1_307' title='bbox 1124 2171 1319 2210; x_wconf 89' lang='lat' dir='ltr'>Eiiciat</span> <span class='ocrx_word' id='word_1_308' title='bbox 1344 2177 1483 2210; x_wconf 85' lang='lat' dir='ltr'>terra</span> <span class='ocrx_word' id='word_1_309' title='bbox 1518 2184 1565 2211; x_wconf 90' lang='lat' dir='ltr'>ea</span> <span class='ocrx_word' id='word_1_310' title='bbox 1595 2172 1710 2211; x_wconf 89' lang='lat' dir='ltr'>Deus</span> <span class='ocrx_word' id='word_1_311' title='bbox 1736 2172 1891 2211; x_wconf 90' lang='lat' dir='ltr'>dicens:</span> <span class='ocrx_word' id='word_1_312' title='bbox 1933 2172 2049 2212; x_wconf 87' lang='lat' dir='ltr'>Cres-</span> 
     </span>
     <span class='ocr_line' id='line_1_30' title="bbox 379 2237 2048 2292; baseline -0.001 -12"><span class='ocrx_word' id='word_1_313' title='bbox 379 2241 490 2292; x_wconf 90' lang='lat' dir='ltr'>plete</span> <span class='ocrx_word' id='word_1_314' title='bbox 527 2253 657 2291; x_wconf 86' lang='lat' dir='ltr'>aquas</span> <span class='ocrx_word' id='word_1_315' title='bbox 693 2240 831 2289; x_wconf 90' lang='lat' dir='ltr'>maris,</span> <span class='ocrx_word' id='word_1_316' title='bbox 869 2246 912 2280; x_wconf 89' lang='lat' dir='ltr'>et</span> <span class='ocrx_word' id='word_1_317' title='bbox 947 2237 1131 2277; x_wconf 88' lang='lat' dir='ltr'>animam</span> <span class='ocrx_word' id='word_1_318' title='bbox 1162 2237 1305 2277; x_wconf 83' lang='lat' dir='ltr'>vivam</span> <span class='ocrx_word' id='word_1_319' title='bbox 1338 2251 1481 2277; x_wconf 88' lang='lat' dir='ltr'>secun·</span> <span class='ocrx_word' id='word_1_320' title='bbox 1518 2238 1598 2277; x_wconf 89' lang='lat' dir='ltr'>cite</span> <span class='ocrx_word' id='word_1_321' title='bbox 1631 2244 1673 2277; x_wconf 94' lang='lat' dir='ltr'>et</span> <span class='ocrx_word' id='word_1_322' title='bbox 1714 2238 2048 2290; x_wconf 85' lang='lat' dir='ltr'>multiplicamini</span> 
     </span>
     <span class='ocr_line' id='line_1_31' title="bbox 380 2304 2048 2358; baseline -0.001 -11"><span class='ocrx_word' id='word_1_323' title='bbox 380 2307 566 2348; x_wconf 83' lang='lat' dir='ltr'>volatilia</span> <span class='ocrx_word' id='word_1_324' title='bbox 586 2307 913 2358; x_wconf 89' lang='lat' dir='ltr'>multiplicentur</span> <span class='ocrx_word' id='word_1_325' title='bbox 949 2304 1179 2344; x_wconf 90' lang='lat' dir='ltr'>dumsuum</span> <span class='ocrx_word' id='word_1_326' title='bbox 1190 2305 1481 2355; x_wconf 82' lang='lat' dir='ltr'>genustquad-</span> <span class='ocrx_word' id='word_1_327' title='bbox 1516 2310 1559 2344; x_wconf 88' lang='lat' dir='ltr'>et</span> <span class='ocrx_word' id='word_1_328' title='bbox 1604 2304 1760 2356; x_wconf 91' lang='lat' dir='ltr'>inplete</span> <span class='ocrx_word' id='word_1_329' title='bbox 1797 2318 1957 2357; x_wconf 87' lang='lat' dir='ltr'>aquas</span> <span class='ocrx_word' id='word_1_330' title='bbox 2005 2306 2048 2346; x_wconf 90' lang='lat' dir='ltr'>in</span> 
     </span>
     <span class='ocr_line' id='line_1_32' title="bbox 381 2371 2049 2425; baseline -0.001 -11"><span class='ocrx_word' id='word_1_331' title='bbox 381 2387 504 2425; x_wconf 88' lang='lat' dir='ltr'>super</span> <span class='ocrx_word' id='word_1_332' title='bbox 523 2379 690 2413; x_wconf 90' lang='lat' dir='ltr'>terram.</span> <span class='ocrx_word' id='word_1_333' title='bbox 754 2387 814 2424; x_wconf 84' lang='lat'>23.</span> <span class='ocrx_word' id='word_1_334' title='bbox 856 2375 912 2414; x_wconf 91' lang='lat' dir='ltr'>Et</span> <span class='ocrx_word' id='word_1_335' title='bbox 948 2371 1194 2422; x_wconf 90' lang='lat' dir='ltr'>rupedum</span> <span class='ocrx_word' id='word_1_336' title='bbox 1231 2377 1282 2411; x_wconf 88' lang='lat' dir='ltr'>et</span> <span class='ocrx_word' id='word_1_337' title='bbox 1319 2384 1480 2423; x_wconf 84' lang='lat' dir='ltr'>serpen-</span> <span class='ocrx_word' id='word_1_338' title='bbox 1515 2372 1635 2422; x_wconf 86' lang='lat' dir='ltr'>mari,</span> <span class='ocrx_word' id='word_1_339' title='bbox 1699 2378 1741 2411; x_wconf 88' lang='lat' dir='ltr'>et</span> <span class='ocrx_word' id='word_1_340' title='bbox 1799 2372 2049 2413; x_wconf 84' lang='lat' dir='ltr'>volatilia</span> 
     </span>
     <span class='ocr_line' id='line_1_33' title="bbox 380 2438 2049 2491; baseline -0.001 -11"><span class='ocrx_word' id='word_1_341' title='bbox 380 2441 494 2480; x_wconf 85' lang='lat' dir='ltr'>facta</span> <span class='ocrx_word' id='word_1_342' title='bbox 535 2446 598 2479; x_wconf 91' lang='lat' dir='ltr'>est</span> <span class='ocrx_word' id='word_1_343' title='bbox 640 2453 825 2491; x_wconf 84' lang='lat' dir='ltr'>vespera,</span> <span class='ocrx_word' id='word_1_344' title='bbox 869 2446 911 2480; x_wconf 91' lang='lat' dir='ltr'>et</span> <span class='ocrx_word' id='word_1_345' title='bbox 947 2438 1054 2477; x_wconf 87' lang='lat' dir='ltr'>tium</span> <span class='ocrx_word' id='word_1_346' title='bbox 1079 2443 1122 2477; x_wconf 86' lang='lat' dir='ltr'>et</span> <span class='ocrx_word' id='word_1_347' title='bbox 1145 2438 1375 2478; x_wconf 89' lang='lat' dir='ltr'>bestiarum</span> <span class='ocrx_word' id='word_1_348' title='bbox 1399 2444 1480 2477; x_wconf 86' lang='lat' dir='ltr'>ter·</span> <span class='ocrx_word' id='word_1_349' title='bbox 1516 2439 1843 2490; x_wconf 89' lang='lat' dir='ltr'>multiplicentur</span> <span class='ocrx_word' id='word_1_350' title='bbox 1898 2453 2049 2491; x_wconf 90' lang='lat' dir='ltr'>super</span> 
     </span>
     <span class='ocr_line' id='line_1_34' title="bbox 381 2505 2045 2557; baseline -0.001 -10"><span class='ocrx_word' id='word_1_351' title='bbox 381 2508 541 2547; x_wconf 77' lang='lat' dir='ltr'>iactum</span> <span class='ocrx_word' id='word_1_352' title='bbox 574 2512 637 2546; x_wconf 90' lang='lat' dir='ltr'>est</span> <span class='ocrx_word' id='word_1_353' title='bbox 672 2519 793 2546; x_wconf 86' lang='lat' dir='ltr'>mane</span> <span class='ocrx_word' id='word_1_354' title='bbox 827 2507 912 2546; x_wconf 88' lang='lat' dir='ltr'>dies</span> <span class='ocrx_word' id='word_1_355' title='bbox 947 2518 1016 2544; x_wconf 86' lang='lat' dir='ltr'>rae</span> <span class='ocrx_word' id='word_1_356' title='bbox 1039 2505 1267 2544; x_wconf 88' lang='lat' dir='ltr'>secundum</span> <span class='ocrx_word' id='word_1_357' title='bbox 1288 2518 1416 2555; x_wconf 87' lang='lat' dir='ltr'>genus</span> <span class='ocrx_word' id='word_1_358' title='bbox 1438 2511 1480 2544; x_wconf 92' lang='lat' dir='ltr'>et</span> <span class='ocrx_word' id='word_1_359' title='bbox 1516 2511 1681 2545; x_wconf 88' lang='lat' dir='ltr'>terram.</span> <span class='ocrx_word' id='word_1_360' title='bbox 1740 2520 1800 2557; x_wconf 84' lang='lat'>23.</span> <span class='ocrx_word' id='word_1_361' title='bbox 1831 2507 1887 2545; x_wconf 92' lang='lat' dir='ltr'>Et</span> <span class='ocrx_word' id='word_1_362' title='bbox 1931 2506 2045 2546; x_wconf 77' lang='lat' dir='ltr'>faeta</span> 
     </span>
     <span class='ocr_line' id='line_1_35' title="bbox 383 2571 2048 2625; baseline -0.001 -12"><span class='ocrx_word' id='word_1_363' title='bbox 383 2574 566 2625; x_wconf 90' lang='lat' dir='ltr'>quintus.</span> <span class='ocrx_word' id='word_1_364' title='bbox 625 2586 685 2622; x_wconf 90' lang='lat'>24.</span> <span class='ocrx_word' id='word_1_365' title='bbox 716 2574 772 2612; x_wconf 88' lang='lat' dir='ltr'>Et</span> <span class='ocrx_word' id='word_1_366' title='bbox 809 2574 913 2613; x_wconf 87' lang='lat' dir='ltr'>dixit</span> <span class='ocrx_word' id='word_1_367' title='bbox 946 2571 1479 2622; x_wconf 86' lang='lat' dir='ltr'>pecorasecundumgenus.</span> <span class='ocrx_word' id='word_1_368' title='bbox 1517 2578 1581 2612; x_wconf 90' lang='lat' dir='ltr'>est</span> <span class='ocrx_word' id='word_1_369' title='bbox 1607 2586 1791 2624; x_wconf 87' lang='lat' dir='ltr'>vespera,</span> <span class='ocrx_word' id='word_1_370' title='bbox 1819 2579 1862 2612; x_wconf 91' lang='lat' dir='ltr'>et</span> <span class='ocrx_word' id='word_1_371' title='bbox 1888 2573 2048 2613; x_wconf 80' lang='lat' dir='ltr'>factum</span> 
     </span>
     <span class='ocr_line' id='line_1_36' title="bbox 381 2638 2042 2691; baseline -0.001 -10"><span class='ocrx_word' id='word_1_372' title='bbox 381 2642 513 2681; x_wconf 91' lang='lat' dir='ltr'>Deus:</span> <span class='ocrx_word' id='word_1_373' title='bbox 531 2640 680 2679; x_wconf 87' lang='lat' dir='ltr'>Eiiciat</span> <span class='ocrx_word' id='word_1_374' title='bbox 697 2646 808 2680; x_wconf 89' lang='lat' dir='ltr'>terra</span> <span class='ocrx_word' id='word_1_375' title='bbox 826 2640 912 2680; x_wconf 87' lang='lat' dir='ltr'>ani·</span> <span class='ocrx_word' id='word_1_376' title='bbox 948 2639 1005 2677; x_wconf 88' lang='lat' dir='ltr'>Et</span> <span class='ocrx_word' id='word_1_377' title='bbox 1052 2638 1249 2677; x_wconf 76' lang='lat' dir='ltr'>factum</span> <span class='ocrx_word' id='word_1_378' title='bbox 1298 2644 1360 2678; x_wconf 90' lang='lat' dir='ltr'>est</span> <span class='ocrx_word' id='word_1_379' title='bbox 1409 2639 1478 2679; x_wconf 88' lang='lat' dir='ltr'>sic.</span> <span class='ocrx_word' id='word_1_380' title='bbox 1516 2645 1578 2678; x_wconf 89' lang='lat' dir='ltr'>est</span> <span class='ocrx_word' id='word_1_381' title='bbox 1603 2652 1724 2679; x_wconf 89' lang='lat' dir='ltr'>mane</span> <span class='ocrx_word' id='word_1_382' title='bbox 1749 2640 1834 2680; x_wconf 89' lang='lat' dir='ltr'>dies</span> <span class='ocrx_word' id='word_1_383' title='bbox 1859 2639 2042 2691; x_wconf 89' lang='lat' dir='ltr'>quintus.</span> 
     </span>
     <span class='ocr_line' id='line_1_37' title="bbox 382 2705 2049 2756; baseline -0.001 -9"><span class='ocrx_word' id='word_1_384' title='bbox 382 2721 495 2747; x_wconf 86' lang='lat' dir='ltr'>mam</span> <span class='ocrx_word' id='word_1_385' title='bbox 518 2707 661 2747; x_wconf 86' lang='lat' dir='ltr'>vivam</span> <span class='ocrx_word' id='word_1_386' title='bbox 687 2707 912 2747; x_wconf 89' lang='lat' dir='ltr'>secundum</span> <span class='ocrx_word' id='word_1_387' title='bbox 950 2716 1010 2756; x_wconf 85' lang='lat'>25.</span> <span class='ocrx_word' id='word_1_388' title='bbox 1041 2706 1097 2744; x_wconf 93' lang='lat' dir='ltr'>Et</span> <span class='ocrx_word' id='word_1_389' title='bbox 1123 2705 1222 2744; x_wconf 74' lang='lat' dir='ltr'>fecit</span> <span class='ocrx_word' id='word_1_390' title='bbox 1248 2706 1364 2745; x_wconf 92' lang='lat' dir='ltr'>Deus</span> <span class='ocrx_word' id='word_1_391' title='bbox 1389 2705 1480 2745; x_wconf 90' lang='lat' dir='ltr'>bes·</span> <span class='ocrx_word' id='word_1_392' title='bbox 1519 2719 1579 2754; x_wconf 89' lang='lat'>24.</span> <span class='ocrx_word' id='word_1_393' title='bbox 1634 2706 1691 2745; x_wconf 93' lang='lat' dir='ltr'>Et</span> <span class='ocrx_word' id='word_1_394' title='bbox 1739 2706 1875 2746; x_wconf 88' lang='lat' dir='ltr'>dixit</span> <span class='ocrx_word' id='word_1_395' title='bbox 1916 2706 2049 2745; x_wconf 88' lang='lat' dir='ltr'>Deus:</span> 
     </span>
     <span class='ocr_line' id='line_1_38' title="bbox 381 2771 2046 2823; baseline 0.001 -13"><span class='ocrx_word' id='word_1_396' title='bbox 381 2771 705 2823; x_wconf 90' lang='lat' dir='ltr'>unumquodque</span> <span class='ocrx_word' id='word_1_397' title='bbox 756 2784 912 2821; x_wconf 88' lang='lat' dir='ltr'>genus</span> <span class='ocrx_word' id='word_1_398' title='bbox 946 2772 1028 2811; x_wconf 87' lang='lat' dir='ltr'>tias</span> <span class='ocrx_word' id='word_1_399' title='bbox 1072 2777 1207 2811; x_wconf 84' lang='lat' dir='ltr'>terrae</span> <span class='ocrx_word' id='word_1_400' title='bbox 1253 2772 1481 2812; x_wconf 87' lang='lat' dir='ltr'>secundum</span> <span class='ocrx_word' id='word_1_401' title='bbox 1516 2773 1680 2813; x_wconf 87' lang='lat' dir='ltr'>Educat</span> <span class='ocrx_word' id='word_1_402' title='bbox 1715 2778 1826 2812; x_wconf 89' lang='lat' dir='ltr'>terra</span> <span class='ocrx_word' id='word_1_403' title='bbox 1861 2772 2046 2812; x_wconf 86' lang='lat' dir='ltr'>animam</span> 
     </span>
     <span class='ocr_line' id='line_1_39' title="bbox 381 2837 2046 2890; baseline 0.001 -13"><span class='ocrx_word' id='word_1_404' title='bbox 381 2837 698 2890; x_wconf 82' lang='lat' dir='ltr'>quadrupedum</span> <span class='ocrx_word' id='word_1_405' title='bbox 743 2844 786 2877; x_wconf 93' lang='lat' dir='ltr'>et</span> <span class='ocrx_word' id='word_1_406' title='bbox 831 2851 912 2877; x_wconf 88' lang='lat' dir='ltr'>ser·</span> <span class='ocrx_word' id='word_1_407' title='bbox 946 2851 1074 2889; x_wconf 87' lang='lat' dir='ltr'>genus</span> <span class='ocrx_word' id='word_1_408' title='bbox 1133 2844 1176 2878; x_wconf 89' lang='lat' dir='ltr'>et</span> <span class='ocrx_word' id='word_1_409' title='bbox 1224 2852 1374 2890; x_wconf 90' lang='lat' dir='ltr'>pecora</span> <span class='ocrx_word' id='word_1_410' title='bbox 1420 2852 1480 2879; x_wconf 90' lang='lat' dir='ltr'>se·</span> <span class='ocrx_word' id='word_1_411' title='bbox 1515 2839 1890 2879; x_wconf 86' lang='lat' dir='ltr'>vivamsecundum</span> <span class='ocrx_word' id='word_1_412' title='bbox 1902 2851 2046 2890; x_wconf 89' lang='lat' dir='ltr'>genus:</span> 
     </span>
     <span class='ocr_line' id='line_1_40' title="bbox 379 2904 2048 2957; baseline 0.001 -14"><span class='ocrx_word' id='word_1_413' title='bbox 379 2905 569 2956; x_wconf 91' lang='lat' dir='ltr'>pentium</span> <span class='ocrx_word' id='word_1_414' title='bbox 606 2911 648 2944; x_wconf 88' lang='lat' dir='ltr'>et</span> <span class='ocrx_word' id='word_1_415' title='bbox 683 2904 912 2944; x_wconf 88' lang='lat' dir='ltr'>bestiarum</span> <span class='ocrx_word' id='word_1_416' title='bbox 947 2904 1130 2945; x_wconf 90' lang='lat' dir='ltr'>cundum</span> <span class='ocrx_word' id='word_1_417' title='bbox 1142 2918 1271 2956; x_wconf 88' lang='lat' dir='ltr'>genus</span> <span class='ocrx_word' id='word_1_418' title='bbox 1284 2910 1327 2946; x_wconf 84' lang='lat' dir='ltr'>et</span> <span class='ocrx_word' id='word_1_419' title='bbox 1339 2906 1480 2946; x_wconf 86' lang='lat' dir='ltr'>omnia</span> <span class='ocrx_word' id='word_1_420' title='bbox 1516 2906 1808 2957; x_wconf 86' lang='lat' dir='ltr'>Quadrupedia</span> <span class='ocrx_word' id='word_1_421' title='bbox 1862 2911 1904 2945; x_wconf 91' lang='lat' dir='ltr'>et</span> <span class='ocrx_word' id='word_1_422' title='bbox 1958 2919 2048 2957; x_wconf 89' lang='lat' dir='ltr'>rep-</span> 
     </span>
     <span class='ocr_line' id='line_1_41' title="bbox 381 2971 2048 3022; baseline 0.001 -12"><span class='ocrx_word' id='word_1_423' title='bbox 381 2977 526 3011; x_wconf 83' lang='lat' dir='ltr'>terrae.</span> <span class='ocrx_word' id='word_1_424' title='bbox 583 2972 639 3010; x_wconf 91' lang='lat' dir='ltr'>Et</span> <span class='ocrx_word' id='word_1_425' title='bbox 663 2971 719 3010; x_wconf 90' lang='lat' dir='ltr'>sic</span> <span class='ocrx_word' id='word_1_426' title='bbox 742 2977 804 3011; x_wconf 90' lang='lat' dir='ltr'>est</span> <span class='ocrx_word' id='word_1_427' title='bbox 827 2971 911 3011; x_wconf 78' lang='lat' dir='ltr'>fac·</span> <span class='ocrx_word' id='word_1_428' title='bbox 947 2971 1156 3022; x_wconf 86' lang='lat' dir='ltr'>serpentia</span> <span class='ocrx_word' id='word_1_429' title='bbox 1178 2977 1312 3013; x_wconf 87' lang='lat' dir='ltr'>terrae</span> <span class='ocrx_word' id='word_1_430' title='bbox 1335 2985 1479 3013; x_wconf 89' lang='lat' dir='ltr'>secun·</span> <span class='ocrx_word' id='word_1_431' title='bbox 1515 2973 1606 3013; x_wconf 88' lang='lat' dir='ltr'>tilia</span> <span class='ocrx_word' id='word_1_432' title='bbox 1643 2978 1685 3012; x_wconf 89' lang='lat' dir='ltr'>et</span> <span class='ocrx_word' id='word_1_433' title='bbox 1721 2972 1876 3012; x_wconf 84' lang='lat' dir='ltr'>bestias</span> <span class='ocrx_word' id='word_1_434' title='bbox 1913 2978 2048 3012; x_wconf 85' lang='lat' dir='ltr'>terrae</span> 
     </span>
    </p>
   </div>
  </div>
 </body>
</html>
