2309 3583
755 299 846 328 Tm:
877 298 996 328 TExr
1655 295 1707 338 37

49 416 126 456 hoc
155 415 388 467 appellatur
415 426 566 453 nomen
596 412 802 451 “acervus
831 409 1053 450 testatur.’'
1109 423 1172 459 49.
1218 409 1273 447 Et
1302 408 1406 448 visio
1435 421 1562 459 quarn
1592 407 1709 456 dixit,

51 481 276 533 “respiciat
307 481 423 519 Deus
452 479 561 518 inter
592 491 658 517 me
683 483 726 517 et
750 477 833 516 te.''
892 488 953 527 50.
983 475 1100 524 Vide,
1126 488 1248 514 nemo
1272 474 1487 514 nobiscum
1511 480 1586 514 est.
1646 486 1709 524 54.

48 549 103 588 Et
124 547 279 587 iuravit
299 545 427 585 Iacob
448 557 522 596 per
544 544 736 584 timorem
757 542 889 594 patris
911 542 974 582 sui
996 543 1127 581 Isaac.

762 641 936 675 CHAPTER
960 651 1000 681 32

128 731 164 769 3.
195 717 316 757 Misit
334 722 476 756 autem
493 715 664 755 nuntios
682 721 780 754 ante
799 727 841 754 se
859 714 914 753 ad
932 714 1045 752 Esau
1063 713 1235 752 fratrem
1253 725 1375 751 suum
1393 711 1434 750 in
1455 716 1608 750 terram
1628 709 1715 749 Seir

49 784 91 824 in
120 783 328 834 regionem
358 783 506 822 Edom.
562 795 599 830 4.
629 782 686 820 Et
716 780 935 820 mandavit
963 779 1042 818 illis
1072 779 1229 818 dicens:
1273 777 1339 817 Sic
1368 776 1514 816 dicetis
1544 776 1713 816 domino

50 863 142 890 meo
158 851 288 890 Esau:
319 849 385 889 Sic
400 848 501 888 dicit
516 861 619 900 puer
635 854 732 887 tuus
747 847 893 886 Iacob:
925 846 1033 886 Cum
1048 846 1194 885 Laban
1210 844 1400 884 habitavi
1416 850 1458 882 et
1474 843 1714 882 demoratus

50 930 142 957 sum
162 929 294 967 usque
314 916 452 955 modo.
510 927 545 966 5.
575 915 632 954 Et
653 914 754 954 facti
775 919 873 953 sunt
894 912 996 952 mihi
1016 913 1144 952 boves
1165 917 1207 951 et
1228 910 1333 951 asini
1353 916 1395 950 et
1416 923 1514 949 oves
1535 915 1578 948 et
1597 908 1716 960 pueri

51 989 93 1023 et
112 983 290 1034 puellae3
325 988 368 1021 et
387 981 480 1021 misi
499 981 692 1020 nuntiare
712 980 881 1020 domino
901 993 993 1018 meo
1014 980 1138 1018 Esau.
1195 980 1232 1017 8.
1263 977 1305 1017 Si
1323 976 1484 1016 venerit
1504 975 1558 1015 ad
1578 981 1716 1015 castra

49 1049 184 1100 prima
207 1049 336 1088 irater
359 1061 475 1088 meus
498 1054 541 1088 et
565 1047 761 1087 exciderit
784 1060 845 1095 ea,
870 1051 993 1085 erunt
1015 1045 1197 1085 secunda
1220 1044 1262 1083 in
1287 1043 1477 1083 salutem.
1533 1056 1571 1092 9.
1600 1042 1717 1080 Deus

50 1115 182 1166 patris
201 1115 282 1154 mei
300 1115 515 1154 Abraham
534 1120 577 1154 et
596 1115 711 1153 Deus
729 1113 861 1164 patris
880 1112 1012 1163 patris
1031 1111 1112 1151 mei
1131 1112 1263 1160 Isaac,
1285 1109 1463 1158 domine,
1485 1108 1557 1159 qui
1577 1107 1718 1147 dixisti

51 1181 170 1221 mihi:
213 1183 394 1221 Recurre
421 1181 464 1221 in
493 1187 647 1221 terram
674 1179 951 1231 generationis
980 1184 1091 1227 tuae,
1121 1183 1163 1217 et
1191 1177 1296 1217 bene
1325 1176 1403 1216 tibi
1430 1175 1595 1215 faciam.
1655 1188 1715 1214 10.

50 1248 232 1288 Idoneus
257 1261 300 1288 es
323 1247 425 1287 mihi
448 1248 501 1287 ab
525 1247 639 1287 omni
660 1246 822 1287 iustitia
845 1252 888 1285 et
911 1246 964 1285 ab
984 1245 1097 1285 omni
1114 1244 1293 1284 veritate
1311 1256 1419 1294 quae
1436 1241 1571 1282 fecisti
1588 1253 1718 1292 puero

52 1321 138 1355 tuo.
195 1316 246 1354 In
271 1315 389 1365 virga
415 1314 525 1354 enim
543 1328 635 1354 mea
654 1314 736 1353 ista
755 1313 900 1353 transii
918 1312 1126 1352 Iordanen
1145 1311 1268 1360 hunc,
1289 1323 1399 1349 nunc
1418 1315 1561 1349 autem
1579 1308 1717 1347 factus

52 1395 144 1421 sum
166 1381 208 1420 in
232 1381 315 1421 duo
339 1388 488 1421 castra.
548 1395 608 1420 11.
639 1381 747 1420 Erue
771 1393 836 1419 me
859 1379 910 1419 de
933 1392 1061 1418 manu
1083 1378 1224 1418 fratris
1246 1377 1340 1426 mei,
1365 1376 1416 1416 de
1439 1388 1567 1415 manu
1590 1375 1716 1423 Esau,

52 1447 151 1498 quia
174 1461 248 1498 ego
271 1447 399 1487 timeo
419 1447 550 1496 illum,
574 1460 638 1495 ne,
662 1460 757 1486 cum
779 1445 954 1494 venerit,
977 1445 1101 1485 feriat
1123 1457 1189 1484 me
1211 1449 1254 1483 et
1276 1449 1431 1482 matres
1454 1454 1576 1492 super
1597 1440 1716 1480 filios.

56 1527 116 1553 12.
146 1514 211 1553 Tu
231 1520 373 1553 autem
393 1513 550 1553 dixisti:
581 1512 847 1553 Benefaciam
867 1511 944 1552 tibi
963 1518 1005 1551 et
1024 1524 1180 1562 ponam
1199 1523 1338 1550 semen
1358 1515 1479 1549 tuum
1499 1514 1718 1559 tamquam

52 1593 221 1620 arenam
265 1580 403 1629 maris,
449 1593 556 1631 quae
599 1593 683 1619 non
727 1578 1060 1619 dinumerabitur
1101 1590 1201 1629 prae
1244 1575 1526 1616 multitudine.
1586 1586 1646 1625 17.
1677 1572 1719 1613 Si

51 1646 370 1697 interrogaverit
393 1652 435 1686 te
458 1647 570 1686 Esau
593 1646 749 1686 dicens:
788 1645 917 1685 Cuius
939 1645 1013 1684 es?
1051 1650 1093 1684 et
1116 1657 1199 1695 quo
1221 1643 1372 1682 vadis?
1414 1648 1456 1681 et
1478 1641 1594 1681 cuius
1616 1641 1719 1679 haec

53 1726 161 1764 quae
192 1713 447 1752 antecedunt
478 1713 551 1752 te?
610 1715 670 1752 18.
701 1713 757 1751 Et
789 1711 916 1751 dices:
963 1710 1086 1750 Pueri
1117 1709 1180 1749 tui
1211 1710 1356 1758 Iacob3
1403 1720 1574 1748 munera
1605 1706 1720 1746 misit

54 1779 223 1820 domino
243 1793 336 1819 meo
356 1780 469 1819 Esau
490 1785 532 1819 et
552 1792 645 1819 ecce
664 1779 752 1830 ipse
771 1784 868 1829 post
888 1791 975 1817 nos.
1034 1791 1096 1817 20.
1126 1775 1245 1816 Dixit
1265 1776 1393 1815 enim:
1428 1774 1609 1814 Placabo
1629 1773 1720 1812 vul-

55 1852 146 1885 tum
171 1846 257 1886 eius
280 1846 323 1885 in
348 1846 588 1886 muneribus
612 1844 957 1897 praecedentibus
982 1850 1024 1884 et
1047 1849 1144 1895 post
1167 1843 1246 1882 hoc
1267 1842 1420 1882 videbo
1443 1841 1593 1881 faciem
1617 1840 1721 1888 eius;

52 1912 228 1952 forsitan
249 1912 359 1952 enim
380 1912 576 1964 suscipiet
596 1912 745 1952 faciem
765 1925 915 1951 meam.
974 1924 1035 1951 22.
1065 1909 1248 1950 Surrexit
1269 1915 1412 1948 autem
1432 1908 1578 1947 eadem
1598 1912 1721 1946 nocte

55 1985 97 2019 et
127 1979 300 2031 accepit
319 1980 423 2020 duas
453 1992 599 2019 uxores
630 1985 672 2019 et
703 1979 807 2018 duas
837 1977 1020 2018 ancillas.
1078 1990 1139 2025 24.
1169 1975 1389 2016 Remansit
1419 1980 1562 2014 autem
1591 1972 1720 2013 Iacob

55 2046 178 2095 solus,
208 2052 250 2086 et
278 2046 520 2086 luctabatur
546 2046 672 2085 homo
700 2059 795 2085 cum
822 2045 892 2084 illo
920 2057 1051 2095 usque
1078 2043 1121 2083 in
1149 2056 1284 2083 mane.
1343 2054 1403 2093 25.
1433 2041 1550 2082 Vidit
1578 2046 1721 2080 autem

56 2113 169 2163 quod
188 2126 271 2152 non
289 2118 431 2164 potest
450 2113 504 2152 ad
523 2126 631 2161 eum,
652 2118 694 2152 et
709 2111 849 2162 tetigit
864 2110 1132 2151 latitudinem
1146 2109 1314 2150 femoris
1328 2109 1428 2157 eius,
1445 2114 1487 2147 et
1502 2106 1722 2158 obstupuit

55 2179 237 2219 latitudo
270 2179 437 2219 femoris
472 2179 614 2228 Iacob,
652 2179 753 2219 dum
789 2179 1020 2218 luctaretur
1056 2191 1152 2217 cum
1187 2190 1248 2216 eo.
1307 2178 1368 2216 26.
1412 2176 1469 2215 Et
1505 2174 1610 2214 dixit
1645 2173 1722 2212 illi:

57 2245 238 2285 Dimitte
256 2259 338 2295 me3
367 2246 554 2286 ascendit
572 2245 682 2285 enim
700 2258 861 2285 aurora.
917 2244 992 2284 Ille
1011 2250 1153 2284 autem
1172 2242 1294 2283 dixit:
1322 2243 1420 2282 Non
1439 2248 1481 2281 te
1499 2241 1722 2281 demittam

57 2312 135 2351 nisi
154 2326 220 2351 me
238 2312 506 2352 benedixeris.
566 2325 627 2363 27.
658 2311 777 2351 Dixit
797 2317 939 2351 autem
958 2310 1012 2350 ei:
1041 2310 1164 2360 Quod
1183 2316 1246 2349 est
1266 2322 1417 2349 nomen
1438 2309 1590 2348 tuum?
1646 2306 1722 2346 Ille

57 2384 199 2418 autem
228 2379 349 2418 dixit:
390 2379 531 2419 Iacob.
589 2381 650 2419 28.
681 2379 737 2418 Et
765 2378 869 2418 dixit
897 2377 950 2417 ei:
992 2378 1091 2417 Non
1117 2376 1339 2416 vocabitur
1365 2375 1543 2426 amplius
1570 2386 1722 2413 nomen

57 2451 179 2485 tuum
196 2446 342 2494 Iacob;
375 2446 445 2485 sed
463 2446 591 2485 Israel
609 2445 687 2485 erit
704 2458 855 2485 nomen
873 2450 1008 2493 tuum,
1027 2443 1126 2495 quia
1142 2442 1314 2483 valuisti
1330 2455 1426 2482 cum
1443 2443 1548 2490 Deo,
1568 2447 1609 2480 et
1627 2453 1722 2480 cum

57 2511 295 2551 hominibus
318 2518 467 2563 potens
491 2526 545 2552 es.
604 2525 664 2563 29.
694 2511 879 2563 Rogavit
903 2517 1045 2551 autem
1069 2523 1165 2550 eum
1188 2509 1315 2549 Iacob
1340 2509 1497 2549 dicens:
1536 2507 1722 2547 Enuntia

59 2578 160 2617 mihi
184 2592 334 2618 nomen
359 2585 492 2619 tuum.
548 2579 605 2618 Et
629 2578 750 2619 dixit:
788 2578 925 2629 Quare
949 2577 1027 2617 hoc
1050 2577 1280 2627 interrogas
1304 2581 1352 2615 tu
1375 2588 1526 2615 nomen
1551 2574 1720 2614 meum?

59 2646 115 2684 Et
135 2645 346 2685 benedixit
365 2659 460 2685 eum
479 2645 573 2685 illie.
629 2659 692 2696 30.
723 2646 779 2685 Et
799 2644 1028 2696 appellavit
1048 2644 1175 2683 Iacob
1191 2656 1343 2682 nomen
1358 2642 1467 2682 illius
1483 2642 1722 2692 “Aspectus

59 2711 188 2751 Dei.''
243 2712 339 2752 Vidi
360 2712 469 2751 enim
490 2713 629 2752 Deum
650 2711 754 2752 facie
775 2712 829 2751 ad
849 2711 1012 2760 faciem,
1035 2716 1077 2750 et
1098 2710 1215 2750 salva
1236 2710 1350 2749 facta
1371 2715 1433 2748 est
1455 2708 1593 2748 anima
1615 2720 1720 2747 mea.

771 2810 945 2844 CHAPTER
969 2821 1010 2851 33

143 2898 202 2923 10.
232 2885 407 2936 Propter
426 2884 504 2924 hoc
523 2884 610 2923 vidi
629 2883 777 2923 faciem
797 2890 928 2932 tuam,
950 2882 1304 2934 quemadmodum
1324 2895 1419 2921 cum
1438 2880 1554 2920 videt
1574 2879 1724 2931 aliquis

60 2950 208 2990 faciem
241 2951 334 2990 Dei.
394 2965 453 3002 13.
484 2952 541 2990 Et
572 2964 670 2990 oves
702 2957 745 2990 et
776 2950 904 2990 boves
935 2951 1135 2989 fetantur.
1195 2951 1254 2988 18.
1286 2949 1341 2987 Et
1372 2948 1489 2987 venit
1521 2947 1648 2987 Iacob
1680 2946 1723 2985 in

62 3017 196 3057 Salem
216 3016 292 3066 (in)
311 3017 528 3058 civitatem
544 3017 802 3067 Sicimorum,
819 3030 926 3068 quae
942 3023 1005 3056 est
1020 3016 1063 3055 in
1079 3022 1189 3055 terra
1206 3015 1422 3063 Chanaan‚
1440 3028 1535 3054 cum
1551 3013 1723 3054 advenit
