2309 3583
789 297 879 326 THE
910 297 1030 326 TEXT
1688 300 1744 340 39

78 411 247 451 nomina
271 409 506 461 principum
531 409 643 448 Esau
669 409 896 448 secundum
922 409 1012 448 loca
1039 421 1180 448 eorum
1206 409 1247 447 in
1274 409 1509 458 regionibus
1534 423 1674 449 eorum
1703 416 1743 449 et

77 477 119 516 in
139 476 332 528 gentibus
351 488 506 515 eorum.

787 539 960 573 CHAPTER
985 550 1025 581 37

158 623 192 649 1.
221 608 459 648 Habitabat
483 613 625 647 autem
649 607 777 647 Iacob
801 607 843 646 in
870 613 980 646 terra
1005 607 1222 647 Chanaan.
1281 621 1315 646 2.
1346 608 1461 647 Haec
1486 615 1626 647 autem
1652 622 1744 659 pro—

75 668 289 715 creaturae
307 674 448 713 Iacob.
503 673 655 724 Ioseph
674 679 816 713 autem
837 674 978 713 decem
998 680 1039 712 et
1060 680 1219 724 septem
1240 687 1444 713 annorum
1464 680 1553 713 erat
1572 688 1745 724 pascens

75 754 170 781 curn
200 741 400 780 fratribus
435 738 553 788 (suis)
594 753 704 779 oves.
775 753 835 779 10.
870 740 992 789 Quod
1022 746 1084 779 est
1113 740 1320 779 somnium
1349 740 1426 779 hoc
1455 740 1568 791 quod
1593 741 1745 780 somni-

73 808 186 847 asti?
241 806 460 858 Numquid
489 806 704 846 venientes
734 806 949 845 veniemus
980 819 1054 856 ego
1085 813 1127 846 et
1157 813 1292 846 mater
1324 813 1398 846 tua
1428 813 1470 846 et
1501 806 1650 846 fratres
1682 806 1743 845 tui

74 874 248 914 adorare
276 879 318 913 te
346 886 468 924 super
497 873 682 912 terram?
741 886 801 912 21.
832 872 941 912 Cum
970 872 1154 912 audisset
1183 879 1326 912 autem
1355 873 1520 921 Ruben‚
1549 873 1743 912 liberavit

74 953 169 980 eum
200 940 251 979 de
280 940 474 979 manibus
503 952 646 979 eorum
676 946 717 978 et
748 939 870 978 dixit:
914 939 1012 979 Non
1043 939 1240 978 feriamus
1270 953 1365 978 eum
1395 939 1437 978 in
1468 939 1620 978 anima.
1680 952 1741 989 27.

74 1007 232 1046 Manus
249 1013 391 1046 autem
409 1012 576 1045 nostrae
594 1019 677 1045 non
696 1005 779 1045 sint
797 1019 920 1056 super
937 1019 1045 1054 eum,
1065 1005 1264 1056 quoniam
1282 1006 1412 1045 frater
1429 1012 1570 1045 noster
1587 1012 1629 1045 et
1647 1018 1744 1045 caro

73 1079 217 1113 nostra
250 1079 325 1112 est.
381 1086 445 1123 31.
474 1072 727 1112 Occiderunt
760 1072 941 1112 haedum
976 1085 1208 1122 caprarum.
1264 1084 1328 1123 35.
1359 1072 1611 1123 Congregati
1644 1078 1744 1111 sunt

72 1146 217 1179 autem
245 1153 388 1179 omnes
416 1139 489 1178 filii
518 1139 604 1178 eius
634 1145 675 1178 et
704 1138 812 1178 filiae
842 1145 883 1178 et
912 1144 1118 1178 venerunt
1147 1138 1351 1178 consolari
1380 1152 1492 1188 eum3
1536 1145 1579 1178 et
1608 1138 1744 1178 noluit

72 1206 276 1246 consolari
301 1206 458 1245 dicens:
492 1205 699 1255 Quoniam
725 1205 973 1245 descendam
1000 1206 1054 1245 ad
1078 1205 1210 1244 filium
1235 1219 1375 1245 meum
1394 1205 1538 1256 lugens
1557 1205 1599 1244 in
1618 1205 1744 1244 infer-

73 1286 188 1313 num.
243 1275 307 1323 36.
348 1273 404 1312 Et
437 1272 717 1312 vendiderunt
751 1272 902 1323 Ioseph
935 1272 977 1311 in
1016 1273 1257 1323 Aegyptum
1296 1272 1528 1323 Petephrae
1565 1271 1742 1323 spadoni

72 1339 311 1390 praeposito
330 1352 572 1390 coquorum.

788 1398 961 1431 CHAPTER
986 1400 1028 1439 38

156 1481 189 1506 1.
219 1468 394 1506 Factum
424 1473 487 1506 est
517 1472 658 1506 autem
688 1467 730 1505 in
760 1473 946 1518 tempore
983 1467 1051 1506 illo
1083 1466 1294 1506 descendit
1325 1466 1452 1506 Iudas
1484 1480 1508 1506 a
1539 1466 1738 1506 fratribus

73 1534 156 1573 suis
187 1565 195 1573 .
227 1565 235 1573 .
268 1565 276 1573 .
309 1565 317 1573 .
348 1533 401 1572 ad
438 1533 647 1572 hominem
686 1533 894 1584 quendam
932 1533 1243 1582 odollamitam,
1272 1534 1337 1572 cui
1364 1546 1515 1573 nomen
1541 1534 1643 1573 Iras.
1703 1546 1738 1572 2.

73 1600 129 1639 Et
148 1600 254 1639 vidit
272 1600 352 1639 illic
371 1599 498 1638 Iudas
518 1599 645 1638 filiam
664 1599 842 1639 hominis
864 1599 1104 1639 Chananaei
1124 1600 1289 1639 nomine
1311 1600 1480 1640 Sauam:
1515 1605 1556 1639 et
1577 1599 1737 1650 accepit

71 1680 164 1706 eam
193 1672 235 1706 et
262 1666 451 1705 introivit
480 1666 534 1705 ad
564 1679 668 1705 eam.
725 1679 761 1716 3.
793 1667 849 1705 Et
878 1666 1067 1717 concepit
1097 1672 1138 1705 et
1167 1666 1328 1717 peperit
1358 1666 1500 1706 filium.
1561 1680 1620 1717 13.
1679 1667 1735 1705 Et

72 1733 313 1772 nuntiatum
332 1738 394 1772 est
412 1733 594 1771 Thamar
613 1733 733 1771 nurui
753 1733 838 1772 eius
857 1733 1057 1772 dicentes:
1094 1746 1154 1781 14.
1185 1733 1240 1772 Et
1260 1733 1457 1783 depositis
1475 1733 1737 1772 vestimentis

72 1800 291 1839 viduitatis
308 1813 405 1839 suae
422 1813 446 1838 a
464 1813 518 1838 se.
577 1801 637 1838 26.
669 1800 724 1838 Et
741 1813 824 1838 non
841 1800 1036 1851 adposuit
1053 1799 1231 1851 amplius
1249 1799 1349 1839 scire
1368 1813 1472 1839 eam.

785 1908 959 1942 CHAPTER
983 1920 1026 1950 39

154 1991 187 2017 1.
216 1977 367 2028 Ioseph
390 1983 532 2016 autem
554 1977 766 2028 depositus
788 1984 850 2017 est
872 1978 914 2016 in
936 1978 1194 2028 Aegyptum:
1232 1984 1273 2017 et
1294 1978 1479 2028 possedit
1502 1991 1597 2017 eum
1620 1978 1739 2017 Pete-

71 2044 193 2096 phres
230 2044 360 2095 spado
396 2044 636 2083 Pharaonis.
692 2057 729 2092 4.
760 2045 816 2083 Et
852 2045 1013 2084 invenit
1050 2044 1201 2095 Ioseph
1238 2045 1416 2095 gratiam
1443 2045 1486 2083 in
1515 2050 1739 2095 conspectu

74 2110 229 2150 domini
253 2111 314 2150 sui
370 2112 406 2149 6.
437 2111 493 2149 Et
516 2111 726 2150 nesciebat
751 2124 857 2161 quae
881 2111 988 2150 circa
1013 2124 1107 2150 eum
1132 2117 1249 2150 erant
1270 2111 1371 2150 nihil
1390 2117 1554 2162 praeter
1573 2124 1740 2162 panem,

74 2190 198 2228 quem
219 2177 306 2227 ipse
329 2177 491 2216 edebat.
550 2189 585 2227 7.
616 2177 671 2216 Et
694 2177 807 2217 misit
830 2190 931 2216 uxor
954 2178 1109 2217 domini
1134 2177 1219 2217 eius
1239 2178 1378 2217 oculos
1398 2191 1493 2217 suos
1512 2178 1554 2216 in
1573 2178 1738 2229 Ioseph.

77 2256 137 2283 12.
171 2241 243 2291 (Et
266 2242 343 2291 ait)
370 2243 516 2282 Dormi
540 2256 713 2283 mecum.
784 2257 844 2283 22.
875 2244 931 2283 Et
954 2244 1068 2283 dedit
1092 2245 1262 2284 carceris
1285 2250 1424 2284 custos
1446 2257 1649 2284 carcerem
1668 2258 1741 2296 per

75 2323 246 2349 manum
264 2310 428 2360 Ioseph.

787 2364 962 2397 CHAPTER
985 2375 1029 2404 40

154 2434 190 2471 8.
221 2432 276 2471 Et
294 2431 501 2471 dixerunt:
534 2432 749 2472 Somnium
765 2433 958 2482 vidimus,
978 2439 1019 2472 et
1043 2446 1125 2472 non
1144 2440 1205 2472 est
1224 2434 1294 2484 qui
1310 2434 1606 2485 interpretetur
1623 2433 1739 2473 illud.

79 2512 138 2538 12.
169 2499 270 2537 Tres
288 2498 404 2538 fundi
422 2504 505 2537 tres
524 2499 609 2538 dies
627 2505 737 2538 sunt.
798 2513 857 2550 13.
889 2500 945 2538 Et
963 2500 1081 2539 dabis
1099 2500 1268 2539 calicem
1286 2500 1491 2540 Pharaoni
1510 2500 1551 2539 in
1570 2513 1741 2540 manum

74 2565 173 2604 eius.
234 2567 292 2604 16.
323 2565 421 2604 Tria
442 2565 621 2605 canistra
641 2566 781 2605 alicae.
842 2580 901 2616 19.
933 2567 989 2605 Et
1010 2567 1170 2606 auferet
1192 2567 1354 2606 Pharao
1375 2573 1504 2618 caput
1524 2573 1646 2606 tuum
1667 2567 1742 2606 abs

76 2638 119 2671 te
150 2663 157 2671 .
190 2663 198 2670 .
231 2663 238 2671 .
271 2663 279 2670 .
310 2637 351 2670 et
372 2632 686 2672 manducabunt
705 2645 803 2672 aves
822 2633 922 2672 caeli
942 2646 1084 2672 carnes
1103 2639 1199 2673 tuas
1218 2634 1293 2673 abs
1312 2640 1367 2673 te.

790 2742 963 2775 CHAPTER
987 2754 1026 2782 41

161 2823 193 2848 1.
225 2810 280 2848 Et
311 2809 469 2848 factum
500 2816 562 2848 est
592 2816 687 2860 post
717 2810 929 2849 biennium
961 2811 1131 2850 dierum.
1194 2812 1379 2850 Putabat
1410 2825 1451 2850 se
1483 2818 1591 2850 stare
1622 2825 1744 2862 super

78 2875 242 2914 flumen.
302 2888 336 2925 7.
369 2876 549 2915 Surrexit
587 2882 728 2915 autem
766 2877 927 2916 Pharao
966 2884 1006 2916 et
1051 2884 1139 2916 erat
1177 2878 1395 2917 somnium.
1453 2892 1488 2928 9.
1521 2879 1744 2917 Peccatum

76 2955 213 2981 meum
236 2943 424 2981 recordor
447 2942 581 2981 hodie.
647 2957 706 2981 10.
738 2943 900 2982 Pharao
922 2945 1052 2983 iratus
1076 2945 1155 2983 fuit
1178 2945 1314 2995 pueris
1338 2945 1420 2983 suis
1444 2951 1485 2983 et
1507 2945 1647 2995 posuit
1669 2958 1744 2984 nos

75 3008 118 3048 in
151 3022 321 3048 carcere.
383 3023 442 3048 11.
499 3009 554 3047 Et
589 3009 768 3048 Vidimus
807 3011 1012 3049 somnium
1044 3012 1168 3050 ambo
1201 3017 1321 3050 nocte
1355 3025 1450 3060 una,
1485 3024 1558 3061 ego
1591 3018 1632 3050 et
1664 3012 1743 3050 ille.
