2309 3583
849 302 940 331 THE
971 302 1091 331 TEXT
1748 301 1800 344 35

141 423 184 457 et
202 416 301 457 vini.
360 430 420 467 29.
449 417 506 455 Et
524 415 706 455 serviant
723 414 803 454 tibi
820 420 963 465 gentes
981 419 1023 453 et
1040 414 1214 453 adorent
1229 420 1271 453 te
1286 414 1490 465 principes
1506 420 1547 454 et
1562 415 1656 454 fiere
1672 413 1802 454 dorni-

142 497 219 523 nus
240 483 379 522 fratris
396 482 459 521 tui
478 488 521 521 et
540 482 775 521 adorabunt
794 487 836 520 te
854 481 925 520 filii
943 481 1074 531 patris
1093 481 1169 519 tui.
1226 481 1305 530 Qui
1326 481 1582 520 maledixerit
1600 487 1656 530 te,
1678 481 1802 520 male-

142 549 276 589 dictus
284 563 293 598 3
339 554 382 588 et
413 548 484 599 qui
514 548 768 588 benedixerit
799 553 855 596 te,
887 547 1142 586 benedictus.
1199 560 1262 597 32.
1294 547 1415 585 Dixit
1446 547 1582 586 Isaac:
1629 547 1728 597 Quis
1759 560 1802 586 es

141 621 190 655 tu
203 616 231 663 R
250 616 306 654 Et
324 615 407 654 ille:
441 615 529 665 Ego
549 627 640 654 sum
660 615 771 654 Esau
790 614 896 653 filius
915 619 1014 652 tuus
1033 613 1175 652 maior.
1231 626 1295 663 33.
1326 613 1508 663 Expavit
1527 619 1668 652 autem
1683 614 1802 652 Isaac

140 694 294 732 pavore
315 694 466 732 magno
486 681 608 722 valde
613 711 783 720 .....
839 680 939 730 Quis
960 693 1068 730 ergo,
1091 685 1267 719 venatus
1287 684 1349 718 est
1365 678 1464 717 mihi
1480 679 1744 718 venationem
1760 685 1801 718 et

138 748 281 787 intulit
299 748 412 798 mihi,
433 753 475 787 et
493 747 742 787 manducavi
762 747 815 786 ab
835 747 1040 795 omnibus,
1061 752 1289 797 antequam
1307 751 1356 785 tu
1371 746 1561 785 venires?
1610 746 1665 784 Et
1679 746 1801 785 bene-

140 814 223 854 dixi
238 827 345 864 eum,
361 820 404 854 et
416 814 660 854 benedictus
674 814 740 853 sit.
784 827 847 864 34.
878 814 1054 853 Factum
1070 819 1131 852 est
1147 818 1289 852 autem
1305 818 1352 852 ut
1367 812 1530 852 audivit
1546 813 1658 851 Esau
1673 811 1801 851 verba

138 881 257 920 Isaac
275 881 406 932 patris
426 881 501 928 sui,
523 880 770 920 exclamavit
789 893 890 919 voce
911 892 1075 930 magna,
1097 885 1138 918 et
1159 879 1279 919 dixit:
1315 879 1495 918 Benedic
1516 884 1558 918 et
1579 891 1644 917 me
1663 883 1799 928 pater.

139 958 202 998 35.
232 948 288 986 Et
311 947 413 987 dixit
435 947 510 986 illi:
547 947 670 987 Venit
693 947 821 986 irater
843 952 942 986 tuus
965 959 1060 985 cum
1084 945 1191 995 dolo,
1216 952 1257 985 et
1281 946 1440 996 accepit
1462 944 1798 984 benedictionem

139 1020 269 1054 tuam.
325 1016 381 1064 36.
418 1015 474 1053 Et
498 1013 601 1053 dixit
626 1014 755 1053 Esau:
790 1014 905 1052 Iuste
927 1018 1125 1052 vocatum
1146 1018 1208 1052 est
1230 1025 1380 1051 nomen
1402 1012 1490 1051 eius
1506 1011 1634 1051 Iacob
1664 1042 1673 1050 .
1706 1042 1713 1049 .
1747 1042 1754 1049 .
1788 1041 1796 1049 .

142 1078 361 1131 (numquid
373 1080 514 1120 finitae
530 1086 626 1119 sunt
641 1079 960 1129 benedictiones,
973 1079 1121 1119 bendic
1136 1085 1177 1118 et
1193 1077 1291 1128 me).
1347 1090 1411 1129 37.
1442 1078 1671 1117 Dominum
1684 1077 1801 1116 illum

137 1152 260 1186 tuum
275 1147 365 1196 feci,
382 1153 423 1186 et
439 1160 581 1186 omnes
597 1146 744 1186 fratres
760 1146 846 1185 eius
862 1146 1042 1186 servient
1056 1146 1130 1195 illi;
1160 1146 1239 1185 tibi
1255 1151 1398 1186 autem
1415 1145 1516 1196 quid
1531 1144 1697 1193 faciam,
1711 1143 1767 1182 fili
1783 1144 1801 1182 ?

138 1215 202 1264 38.
232 1214 288 1252 Et
307 1213 409 1253 dixit
428 1214 540 1253 Esau
558 1213 613 1253 ad
629 1219 793 1264 patrem
811 1226 948 1252 suum:
982 1212 1162 1252 Benedic
1179 1218 1322 1251 tamen
1341 1217 1383 1251 et
1401 1225 1479 1251 me.
1538 1211 1646 1250 Cum
1664 1215 1798 1249 stran-

138 1280 304 1331 gulatus
329 1286 435 1319 esset
460 1281 578 1320 Isaac
584 1311 754 1329 .....
810 1293 874 1330 39.
904 1280 1010 1318 Ecce
1036 1293 1061 1318 a
1085 1279 1301 1318 fertilitate
1326 1284 1460 1318 terrae
1487 1278 1564 1317 erit
1588 1276 1799 1316 habitatio

138 1353 226 1395 tua,
244 1352 285 1386 et
304 1360 328 1386 a
344 1360 433 1386 rore
451 1346 550 1386 caeli
569 1346 743 1397 desuper
811 1359 875 1394 40.
906 1346 963 1385 Et
978 1345 1022 1384 in
1039 1345 1176 1396 gladio
1193 1345 1322 1394 vives,
1342 1351 1383 1384 et
1400 1345 1517 1384 fratri
1536 1349 1611 1383 tuo
1630 1343 1794 1383 servies.

139 1413 229 1452 Erit
250 1419 391 1453 autem
411 1426 506 1452 cum
527 1413 761 1464 deposueris
782 1419 823 1452 et
845 1412 1012 1452 solveris
1032 1412 1175 1463 iugum
1196 1412 1246 1451 de
1267 1412 1371 1451 collo
1391 1417 1480 1451 tuo.

848 1532 1022 1566 CHAPTER
1048 1533 1088 1565 28

220 1626 252 1652 1.
282 1612 380 1652 Non
399 1611 573 1663 accipies
593 1625 761 1651 uxorem
781 1625 829 1650 ex
848 1611 1011 1651 filiabus
1032 1611 1339 1661 Chanaeorum3
1377 1625 1411 1650 2.
1443 1612 1619 1661 Surgens
1638 1610 1736 1660 fuge
1756 1609 1800 1648 in

136 1679 489 1730 Mesopotamiam
511 1679 554 1717 in
579 1678 749 1718 domum
775 1679 938 1728 Batuel‚
962 1678 1094 1729 patris
1112 1679 1257 1718 matris
1276 1684 1387 1727 tuae,
1408 1684 1450 1717 et
1470 1691 1586 1717 sume
1606 1677 1684 1716 tibi
1703 1676 1799 1716 inde

137 1758 305 1786 uxorem
337 1745 387 1785 de
418 1745 581 1785 filiabus
608 1745 767 1795 Laban,
796 1745 935 1785 fratris
963 1745 1108 1785 matris
1135 1751 1242 1785 tuae.
1303 1758 1340 1796 3.
1371 1746 1486 1784 Deus
1514 1750 1658 1784 autem
1684 1756 1799 1782 meus

135 1812 354 1852 benedicat
382 1818 424 1852 te
453 1818 495 1851 et
527 1818 678 1863 augeat
706 1818 749 1851 te
777 1818 820 1851 et
848 1812 1095 1863 multiplicet
1123 1818 1183 1861 ῖθ;
1214 1818 1257 1851 θῖ
1285 1812 1362 1851 eris
1391 1812 1433 1850 in
1463 1811 1800 1861 congregationes

136 1879 336 1930 gentium.
392 1893 428 1927 4.
460 1880 515 1918 Et
529 1879 599 1918 det
612 1879 690 1918 tibi
703 1879 1034 1919 benedictionem
1046 1878 1261 1918 Abraham
1273 1879 1404 1930 patris
1417 1879 1493 1928 tui,
1507 1878 1585 1917 tibi
1599 1883 1641 1916 et
1655 1877 1800 1916 semini

136 1952 211 1986 tuo
226 1952 322 1997 post
337 1952 393 1995 te,
412 1952 459 1985 ut
474 1945 590 1985 heres
606 1945 681 1985 fias
696 1951 829 1985 terrae
846 1945 1051 1985 incolatus
1066 1946 1142 1995 tui,
1161 1959 1288 1996 quam
1305 1945 1420 1985 dedit
1437 1946 1552 1985 Deus
1569 1944 1798 1984 Abraham.

139 2024 173 2064 5.
204 2013 260 2052 Et
281 2013 379 2052 exiit
399 2013 443 2051 in
466 2013 820 2064 Mesopotamiam
843 2013 996 2064 Syriae.
1057 2026 1116 2052 10.
1148 2013 1203 2052 Et
1225 2013 1323 2052 exiit
1345 2012 1472 2052 Iacob
1496 2025 1521 2051 a
1541 2017 1669 2063 puteo
1692 2011 1800 2050 iura-

135 2079 261 2118 tionis
281 2085 323 2118 et
341 2079 552 2130 profectus
571 2085 634 2119 θεῖ
653 2079 696 2118 in
718 2079 922 2128 Charran3
961 2093 1021 2119 11.
1052 2080 1107 2118 Et
1129 2079 1296 2119 devenit
1315 2080 1359 2118 in
1379 2079 1517 2118 locum
1537 2084 1579 2118 et
1601 2077 1799 2117 dormivit

135 2145 211 2194 ibi;
246 2146 453 2185 occiderat
475 2146 584 2185 enim
605 2146 681 2195 sol3
717 2152 759 2185 et
781 2146 958 2197 sumpsit
977 2159 1026 2185 ex
1046 2146 1254 2197 lapidibus
1275 2146 1351 2185 loci
1373 2152 1415 2186 et
1434 2146 1575 2197 posuit
1597 2145 1651 2185 ad
1672 2150 1800 2195 caput

137 2225 259 2252 suum
286 2217 328 2251 et
357 2212 553 2252 dormivit
574 2212 617 2251 in
639 2213 729 2251 loco
750 2212 832 2251 illo.
887 2225 946 2251 12.
977 2213 1034 2252 Et
1056 2213 1293 2262 somniavit,
1315 2218 1357 2252 et
1379 2225 1471 2253 ecce
1487 2212 1597 2251 scala
1613 2211 1800 2251 stabilita

136 2292 258 2330 super
274 2284 441 2327 terram,
460 2279 575 2318 cuius
592 2285 719 2330 caput
735 2279 999 2330 pertingebat
1017 2279 1071 2319 ad
1089 2280 1265 2328 caelum3
1297 2285 1339 2318 et
1357 2279 1490 2330 angeli
1508 2279 1587 2318 Dei
1606 2278 1800 2318 ascende-

136 2345 241 2385 bant
272 2351 314 2384 et
352 2345 657 2385 descendebant
684 2359 757 2397 per
784 2345 910 2395 illam,
970 2359 1029 2396 13.
1060 2346 1116 2385 Et
1145 2346 1351 2385 Dominus
1378 2345 1649 2385 incumbebat
1678 2358 1800 2395 super

135 2412 249 2451 illam
273 2417 315 2451 et
340 2411 459 2451 dixit:
499 2413 588 2462 Ego
613 2425 704 2451 sum
729 2413 844 2451 Deus
868 2412 1082 2452 Abraham
1105 2413 1236 2463 patris
1260 2413 1323 2451 tui
1348 2418 1390 2452 et
1416 2413 1531 2451 Deus
1555 2413 1688 2461 Isaac,
1714 2411 1798 2450 noli

136 2478 280 2518 timere
289 2492 298 2528 3
332 2484 498 2528 terram,
523 2478 566 2517 in
591 2492 674 2530 qua
697 2485 746 2518 tu
771 2478 925 2518 dormis
949 2493 1070 2530 super
1094 2492 1200 2529 eam,
1228 2479 1305 2519 tibi
1327 2479 1437 2519 dabo
1456 2479 1571 2518 illam
1591 2485 1633 2518 et
1654 2478 1798 2517 semini

136 2551 223 2584 tuo.
284 2558 343 2593 14.
374 2546 429 2584 Et
456 2546 533 2584 erit
560 2559 698 2585 semen
725 2552 847 2585 tuum
870 2546 976 2585 sicut
997 2546 1152 2585 harena
1172 2552 1319 2595 terrae,
1342 2552 1384 2586 et
1405 2546 1651 2586 dilatabitur
1674 2558 1798 2595 supra

137 2625 249 2652 mare
269 2617 311 2651 et
330 2612 374 2650 in
394 2611 580 2651 Africum
600 2618 642 2652 et
662 2612 704 2651 in
725 2612 961 2663 aquilonem
982 2618 1024 2652 et
1045 2613 1100 2652 ad
1119 2613 1337 2662 orientem3
1373 2619 1415 2652 et
1436 2612 1732 2652 benedicentur
1754 2611 1795 2650 in

135 2685 179 2718 te
202 2691 345 2718 omnes
368 2678 502 2717 tribus
524 2684 658 2718 terrae
682 2685 724 2718 et
748 2679 790 2717 in
815 2679 968 2718 semine
993 2684 1080 2719 tuo.
1140 2691 1200 2730 15.
1231 2680 1286 2718 Et
1311 2692 1402 2719 ecce
1427 2692 1501 2730 ego
1527 2692 1619 2718 sum
1642 2684 1796 2727 tecum,

135 2744 370 2784 custodiens
386 2750 428 2784 ῖθ
445 2745 486 2784 in
502 2746 615 2784 omni
631 2746 712 2795 via,
731 2759 992 2797 quacumque
1008 2746 1100 2795 ibis,
1117 2752 1159 2785 et
1175 2746 1372 2785 reducam
1386 2752 1428 2785 te
1444 2746 1487 2785 in
1502 2752 1658 2785 terram
1674 2744 1795 2794 hanc,

137 2812 235 2862 quia
258 2825 340 2851 non
364 2817 405 2851 te
428 2811 479 2850 de
498 2812 729 2863 relinquam
748 2812 878 2852 donec
898 2812 1049 2853 faciam
1068 2813 1207 2852 omnia
1227 2826 1333 2863 quae
1352 2819 1491 2852 tecum
1510 2813 1672 2851 locutus
1692 2824 1796 2851 sum.

140 2881 200 2918 16.
231 2879 286 2918 Et
301 2879 475 2918 surrexit
490 2879 617 2918 Iacob
633 2879 682 2918 de
695 2892 840 2918 somno
852 2892 926 2918 suo
939 2885 980 2918 et
994 2879 1114 2919 dixit:
1138 2880 1244 2929 Quia
1256 2885 1318 2918 est
1332 2880 1537 2918 Dominus
1550 2879 1592 2917 in
1604 2879 1693 2918 loco
1706 2878 1797 2927 hoc,

135 2957 210 2995 ego
226 2951 368 2985 autem
384 2945 629 2984 nesciebam.
689 2957 748 2996 17.
779 2946 834 2985 Et
850 2946 993 2985 timuit
1009 2952 1051 2985 et
1068 2946 1188 2985 dixit:
1220 2946 1356 2996 Quam
1372 2946 1564 2985 terribilis
1580 2946 1693 2984 locus
1711 2944 1796 2984 hic!

136 3012 234 3052 Non
259 3017 321 3052 est
345 3011 422 3051 hoc
446 3012 523 3051 nisi
549 3011 695 3051 domus
720 3012 816 3062 Dei;
854 3018 896 3052 et
920 3012 1021 3052 haec
1044 3019 1166 3063 porta
1191 3019 1252 3052 est
1277 3012 1390 3052 caeli.
1451 3014 1509 3052 18.
1542 3013 1598 3051 Et
1622 3012 1797 3051 surrexit
