2309 3583
779 294 870 324 THE
900 294 1021 323 TEXT
1208 273 1211 276 ’
1679 295 1729 338 27

783 405 957 439 CHAPTER
984 416 1021 437 12

156 494 189 519 1.
219 480 274 518 Et
297 478 402 518 dixit
425 478 630 517 Dominus
653 478 707 518 ad
730 478 903 518 Abram:
942 477 1018 517 Exi
1042 478 1092 517 de
1115 484 1225 518 terra
1249 478 1299 518 de
1322 479 1568 528 cognatione
1591 486 1665 519 tua
1689 486 1731 520 et

75 546 124 586 de
146 546 268 585 domo
288 544 420 596 patris
441 544 502 584 tui
524 550 566 584 et
587 544 693 584 vade
713 543 757 583 in
778 550 931 584 terram
953 557 1079 595 quam
1100 543 1178 584 tibi
1201 544 1550 584 demonstravero,
1610 559 1643 585 2.
1675 547 1731 586 Et

73 611 222 652 faciam
236 617 277 650 te
290 610 333 649 in
345 617 510 661 gentem
522 623 728 661 magnam,
741 617 783 650 et
795 609 1037 650 benedicam
1048 617 1090 650 te
1102 617 1144 650 et
1158 610 1432 660 magnificabo
1446 624 1596 650 nomen
1609 618 1730 651 tuum

73 683 115 717 et
134 676 212 717 eris
231 676 485 716 benedictus.
540 690 577 727 3.
609 677 664 716 Et
683 676 925 716 benedicam
943 676 1232 716 benedicentes
1251 683 1294 716 te
1314 683 1355 716 et
1376 675 1670 716 maledicentes
1689 685 1732 717 te

72 742 329 792 maledicam,
367 749 409 782 et
446 742 740 782 benedicentur
771 742 815 781 in
847 749 890 782 te
923 756 1064 782 omnes
1096 742 1232 782 tribus
1264 748 1410 782 terrae.
1477 756 1514 791 4.
1545 744 1600 782 Et
1633 743 1734 783 exiit

73 810 242 859 Abram,
263 823 386 860 quem
405 809 459 849 ad
476 809 647 848 modum
665 810 826 849 locutus
845 815 907 848 est
925 808 983 848 illi
1002 808 1222 858 Dominus,
1242 815 1284 848 et
1302 808 1408 848 abiit
1427 822 1521 848 cum
1539 823 1587 848 eo
1607 809 1730 849 Loth.

74 876 230 916 Abram
244 882 386 915 autem
400 882 489 915 erat
504 875 686 927 quinque
701 881 743 915 et
758 875 1021 927 septuaginta
1036 889 1252 924 annorum,
1269 889 1364 915 cum
1379 874 1479 915 exiit
1494 889 1543 914 ex
1559 875 1731 915 Charra.

75 954 110 992 7.
140 943 195 981 Et
216 941 411 993 apparuit
433 941 639 981 Dominus
660 941 851 981 Abrahae
872 948 914 981 et
937 940 1042 981 dixit
1064 941 1140 980 illi:
1177 940 1331 981 Semini
1352 947 1427 981 tuo
1449 941 1559 981 dabo
1580 947 1734 981 terram

72 1007 191 1048 hanc.
251 1021 310 1047 12.
340 1007 432 1047 Erit
456 1021 550 1059 ergo
574 1021 669 1047 cum
693 1014 735 1047 te
759 1007 940 1047 viderint
963 1007 1173 1059 Aegyptii,
1199 1007 1351 1057 dicent,
1378 1008 1475 1059 quia
1500 1021 1601 1047 uxor
1625 1007 1735 1047 illius

71 1073 186 1114 haec.
246 1088 306 1123 14.
335 1075 510 1113 Factum
533 1080 596 1113 est
618 1080 772 1123 autem,
797 1073 942 1113 statim
965 1080 1013 1113 ut
1034 1073 1211 1113 intravit
1233 1074 1389 1113 Abram
1411 1073 1455 1112 in
1478 1075 1729 1125 Aegyptum,

72 1140 261 1180 videntes
292 1140 487 1192 Aegyptii
520 1139 731 1180 mulierem
763 1140 861 1192 quia
892 1140 1076 1191 speciosa
1108 1146 1197 1180 erat
1228 1140 1362 1180 valde.
1422 1142 1481 1179 18.
1512 1140 1625 1190 Quid
1656 1140 1735 1180 hoc

72 1206 205 1247 fecisti
222 1206 336 1256 mihi,
354 1206 452 1258 quia
467 1220 549 1246 non
565 1206 824 1246 adnuntiasti
840 1206 954 1256 mihi,
973 1206 1072 1258 quia
1091 1219 1193 1246 uxor
1208 1212 1282 1246 tua
1298 1207 1392 1246 est?

784 1305 958 1339 CHAPTER
984 1316 1022 1346 13

156 1393 188 1418 1.
217 1378 415 1418 Ascendit
433 1385 575 1419 autem
591 1379 747 1418 Abram
766 1379 816 1418 de
833 1379 1024 1430 Aegypto
1041 1378 1129 1430 ipse
1147 1385 1188 1418 et
1206 1392 1306 1418 uxor
1324 1377 1413 1418 eius
1430 1385 1472 1418 et
1490 1378 1630 1418 omnia
1649 1378 1736 1419 eius

74 1452 115 1485 et
132 1446 212 1485 Lot
230 1458 324 1484 cum
340 1459 387 1484 eo
403 1444 447 1484 in
464 1445 684 1485 desertum.
742 1457 777 1495 7.
807 1446 863 1484 Et
879 1446 991 1485 facta
1008 1452 1070 1485 est
1086 1445 1173 1484 rixa
1189 1444 1297 1484 inter
1314 1444 1498 1485 medium
1514 1452 1731 1497 pastorum

71 1524 267 1563 pecorum
287 1512 443 1551 Abram
463 1518 505 1551 et
528 1509 651 1560 (inter
671 1511 853 1551 medium
872 1510 1105 1562 pastorum)
1126 1525 1322 1563 pecorum
1340 1512 1433 1551 Lot.
1490 1514 1526 1551 8.
1556 1513 1653 1552 Non
1681 1512 1737 1552 sit

71 1577 158 1617 rixa
181 1577 289 1617 inter
317 1591 382 1616 me
407 1584 448 1617 et
473 1584 529 1627 te,
555 1584 597 1617 et
621 1576 730 1617 inter
753 1584 939 1628 pastores
965 1591 1077 1617 meos
1102 1584 1144 1617 et
1168 1578 1276 1617 inter
1300 1584 1486 1629 pastores
1512 1584 1607 1618 tuos
1636 1578 1736 1630 quia

71 1643 257 1684 homines
271 1644 418 1683 fratres
435 1657 509 1683 nos
526 1657 679 1683 sumus.
735 1659 772 1695 9.
802 1645 951 1684 Nonne
969 1657 1060 1683 ecce
1076 1650 1168 1683 tota
1183 1650 1293 1684 terra
1312 1650 1409 1684 ante
1428 1650 1471 1684 te
1491 1646 1584 1684 est?
1640 1645 1736 1684 Dis-

72 1711 168 1751 cede
193 1724 217 1750 a
242 1724 324 1759 me;
359 1709 391 1749 si
416 1716 463 1749 tu
490 1709 535 1749 in
562 1709 786 1760 sinistram,
816 1723 890 1761 ego
917 1710 961 1749 in
989 1711 1194 1750 dextram:
1229 1711 1294 1750 vel
1323 1710 1356 1750 si
1385 1716 1433 1750 tu
1460 1710 1503 1750 in
1532 1711 1734 1761 dextram,

71 1790 145 1828 ego
167 1776 210 1816 in
235 1776 456 1817 sinistram.
516 1790 576 1826 14.
605 1776 845 1828 Respiciens
869 1776 996 1816 oculis
1019 1776 1102 1817 tuis
1126 1776 1221 1817 vide
1240 1791 1265 1816 a
1284 1777 1373 1817 loco
1391 1776 1436 1816 in
1455 1791 1538 1829 quo
1556 1791 1666 1817 nunc
1685 1785 1734 1818 tu

71 1857 114 1883 es
141 1843 195 1883 ad
223 1843 457 1894 aquilonem
485 1849 527 1882 et
554 1842 740 1883 Africum
769 1849 810 1883 et
837 1842 1039 1883 orientem
1073 1849 1116 1883 et
1156 1857 1281 1893 mare,
1340 1855 1400 1895 15.
1430 1843 1536 1894 Quia
1570 1858 1735 1884 omnem

71 1916 223 1950 terram
244 1923 370 1961 quam
389 1916 437 1949 tu
456 1909 585 1960 vides,
610 1909 687 1950 tibi
712 1910 821 1950 dabo
845 1923 937 1950 eam
960 1916 1002 1950 et
1026 1909 1171 1950 semini
1195 1916 1269 1950 tuo
1293 1924 1422 1962 usque
1445 1910 1489 1949 in
1512 1912 1734 1961 saeculum,

75 1979 134 2017 16.
164 1977 220 2016 Et
243 1976 394 2016 faciam
418 1990 555 2016 semen
575 1983 696 2016 tuum
715 1982 933 2028 tamquam
951 1976 1149 2016 harenam
1168 1982 1313 2017 terrae.
1370 1977 1411 2017 Si
1430 1983 1569 2028 potest
1588 1977 1737 2029 aliquis

72 2043 329 2083 dinumerare
348 2043 546 2082 harenam
560 2048 706 2092 terrae,
722 2049 764 2082 et
780 2057 917 2083 semen
932 2049 1053 2083 tuum
1070 2043 1413 2083 dinumerabitur.
1472 2056 1532 2095 17.
1562 2045 1738 2095 Surgens

71 2110 312 2161 perambula
335 2115 489 2149 terram
512 2109 555 2148 in
578 2109 878 2161 longitudinem
900 2109 987 2150 eius
1006 2116 1048 2150 et
1066 2109 1110 2149 in
1129 2109 1395 2150 latitudinem
1415 2109 1512 2162 quia
1531 2110 1609 2150 tibi
1629 2111 1738 2151 dabo

73 2189 178 2216 eam.

784 2229 959 2264 CHAPTER
985 2241 1025 2270 14

154 2318 187 2343 1.
217 2304 392 2358 Factum
419 2310 481 2343 est
506 2310 649 2343 autem
672 2303 716 2343 in
742 2317 866 2355 regno
892 2304 1118 2356 Amarphal
1144 2304 1250 2356 regis
1277 2305 1445 2345 Sennar.
1504 2317 1538 2356 5.
1568 2306 1728 2356 Quarto

74 2369 231 2411 decimo
251 2376 393 2410 autem
414 2384 523 2410 anno
547 2371 866 2422 Godollogomor
887 2377 929 2411 et
950 2384 1062 2422 reges
1085 2370 1156 2423 qui
1179 2385 1274 2411 cum
1295 2385 1355 2411 eo.
1413 2374 1449 2412 6.
1480 2373 1536 2412 Et
1559 2372 1733 2412 Correos

73 2436 143 2488 qui
182 2436 225 2476 in
265 2436 476 2477 montibus
516 2436 613 2478 Seir.
674 2451 733 2489 13.
762 2437 998 2477 Adveniens
1036 2444 1180 2478 autem
1218 2452 1360 2478 eorum
1399 2437 1471 2490 qui
1511 2445 1732 2479 evaserunt

74 2503 244 2554 quidam
269 2502 481 2542 nuntiavit
504 2504 661 2543 Abram
684 2503 1100 2555 transfluviali—ipse
1123 2510 1266 2544 autem
1289 2504 1512 2544 habitabat
1536 2505 1590 2545 ad
1615 2519 1733 2556 quer-

73 2583 168 2610 cum
186 2569 594 2609 Mambre—Amoris
613 2569 752 2610 fratris
770 2571 895 2610 Excol
914 2576 956 2610 et
974 2570 1113 2610 fratris
1131 2571 1281 2610 Aunan
1300 2570 1373 2622 qui
1392 2577 1509 2610 erant
1528 2570 1733 2611 coniurati

73 2636 241 2676 Abram.
301 2650 360 2675 22.
391 2637 447 2675 Et
461 2635 565 2676 dixit
578 2637 735 2676 Abram
754 2637 808 2677 ad
826 2650 962 2688 regem
982 2637 1271 2677 Sodomorum:
1301 2638 1536 2678 Extendam
1560 2651 1731 2677 manum

75 2716 210 2742 meam
237 2703 291 2742 ad
318 2703 455 2742 Deum
482 2702 756 2752 Altissimum,
784 2704 855 2755 qui
883 2704 1038 2743 creavit
1066 2704 1225 2743 caelum
1251 2710 1293 2743 et
1320 2710 1486 2753 terram,
1545 2718 1605 2755 23.
1637 2703 1680 2744 Si
1709 2718 1733 2744 a

73 2775 214 2821 sparto
232 2783 360 2820 usque
379 2770 432 2809 ad
450 2769 665 2820 corrigiam
683 2769 940 2810 calciamenti
958 2770 1159 2822 accipiam
1177 2771 1227 2811 de
1245 2770 1438 2811 omnibus
1455 2770 1551 2810 tuis.

785 2868 959 2902 CHAPTER
986 2878 1024 2910 15

152 2954 189 2989 4.
218 2942 315 2981 Non
332 2940 410 2980 erit
425 2941 540 2980 heres
556 2946 653 2980 tuus
669 2941 752 2981 hic:
784 2942 854 2982 sed
871 2942 941 2993 qui
957 2942 1064 2982 exiet
1080 2943 1130 2982 de
1146 2948 1202 2992 te,
1220 2942 1286 2981 ille
1303 2941 1383 2981 erit
1398 2942 1514 2982 heres
1530 2948 1640 2983 tuus.
1697 2945 1735 2984 6.

75 3006 263 3047 Credidit
296 3008 508 3047 Abraham
543 3009 634 3047 Deo
667 3014 709 3048 et
744 3008 992 3059 deputatum
1026 3015 1088 3049 est
1123 3008 1183 3048 illi
1218 3009 1272 3049 ad
1305 3008 1524 3049 iustitiam.
1582 3022 1618 3060 7.
1648 3011 1737 3061 Ego
