2309 3583
819 285 910 314 THE
940 284 1061 313 TEXT
1716 284 1770 326 47

110 401 273 441 instead
301 399 344 439 of
373 399 574 450 quoniam.
692 410 752 446 24.
782 397 948 447 Quoted
978 397 1226 447 frequently.
1290 397 1354 435 De
1385 397 1487 437 Gen.
1520 397 1574 436 ad
1603 397 1663 436 lit.
1696 399 1770 448 825

110 468 185 507 has
210 470 414 518 propterea
439 464 604 503 instead
630 464 673 502 of
700 467 857 514 propter
876 463 957 502 hoc.
1015 463 1068 502 So
1086 463 1173 501 also
1192 463 1234 501 in
1254 463 1304 501 In
1325 464 1440 502 Ioan.
1462 476 1622 513 evang.,
1643 470 1685 502 et
1704 464 1772 512 aL,

109 533 227 573 while
255 532 358 572 Con.
386 531 524 570 Adim.
553 544 575 580 3
604 530 680 569 has
706 530 806 569 ideo.
870 530 934 567 De
964 529 1066 568 Gen.
1096 529 1150 568 ad
1184 528 1246 567 lit.
1276 531 1317 567 6:
1328 542 1349 579 3
1387 529 1490 568 adds
1517 542 1636 569 suum
1663 530 1770 569 after

108 603 272 653 patrem,
291 598 375 637 and
391 598 477 636 also
495 596 614 636 reads
630 596 889 646 coniungetur
905 595 1022 635 uxori
1038 607 1152 641 suae,·
1183 595 1261 634 but
1278 595 1492 634 elsewhere
1511 595 1553 633 in
1570 596 1641 634 the
1660 609 1772 635 same

108 665 220 705 work
242 678 288 704 as
308 664 351 702 in
373 666 415 703 8:
428 675 467 714 5;
504 676 546 713 9:
560 677 606 713 19
628 662 700 701 the
722 663 822 701 verb
845 662 946 701 used
966 661 1000 700 is
1022 661 1257 701 adhaerebit.
1322 662 1386 699 De
1410 660 1512 700 Gen.
1536 674 1626 700 con.
1652 662 1770 701 Man.

111 744 209 782 2:13
230 731 316 770 also
334 730 453 769 reads
471 729 706 777 adhaerebit,
725 729 904 779 perhaps
921 727 1153 767 influenced
1170 728 1228 778 by
1247 727 1397 778 Ephes.
1421 739 1460 777 5:
1471 740 1535 777 31,
1556 741 1620 777 32,
1640 728 1773 767 which

108 798 142 837 is
162 797 318 849 quoted
345 797 388 835 in
416 796 487 835 the
515 809 627 835 same
654 796 783 846 place.
841 794 944 834 Con.
966 795 1070 834 duas
1089 794 1209 845 epist.
1231 794 1367 843 Pelag.
1393 807 1431 832 1:
1444 805 1464 844 5
1485 794 1604 833 reads
1624 799 1774 844 patrem

108 877 227 905 suum
254 868 289 903 et
315 867 479 902 matrem
506 875 634 902 suam.
692 862 745 902 So
772 861 859 901 also
887 861 929 899 in
958 861 1179 912 Speculum
1208 860 1348 908 Mark,
1377 859 1510 899 which
1539 860 1626 899 also
1654 860 1773 900 reads

107 929 329 971 adhaerebit
346 930 398 969 ad
414 942 575 969 uxorem
591 941 720 968 suam.
775 927 865 967 The
883 928 963 967 last
981 927 1116 966 clause
1134 927 1177 966 of
1194 926 1267 965 the
1284 939 1400 965 verse
1418 939 1519 977 very
1536 926 1774 977 frequently

107 997 276 1048 quoted.
388 1009 406 1035 2
414 1007 448 1047 5.
477 995 833 1046 Confundebantur
855 994 889 1033 is
912 994 985 1033 the
1008 994 1108 1033 verb
1133 993 1384 1044 universally
1407 993 1538 1033 found
1561 999 1706 1044 except
1730 993 1773 1032 in

108 1064 174 1103 De
193 1063 295 1104 Gen.
316 1062 370 1102 ad
387 1063 448 1102 lit.
495 1063 631 1113 Many
653 1061 922 1112 adaptations
944 1061 987 1100 of
1010 1060 1082 1100 the
1106 1073 1221 1099 verse
1245 1073 1411 1111 appear.
1469 1059 1534 1099 Cf.
1555 1060 1620 1098 De
1638 1060 1773 1111 Nupt.

108 1136 150 1170 et
174 1130 277 1170 Con.
306 1141 396 1180 1:53
434 1130 500 1168 De
523 1129 601 1168 civ.
629 1140 772 1178 14:17;
812 1127 915 1168 Con.
940 1127 1021 1178 Jul.
1050 1128 1190 1176 14:16,
1214 1132 1256 1166 et
1279 1127 1331 1166 al.

833 1248 1008 1282 CHAPTER
1032 1259 1051 1289 3

191 1344 225 1370 1.
254 1330 350 1369 Loc.
372 1331 457 1369 138.
514 1330 635 1369 Same
650 1342 695 1368 as
717 1329 782 1367 De
803 1328 905 1368 Gen.
923 1328 978 1368 ad
996 1327 1073 1377 lit.‚
1090 1341 1135 1367 as
1154 1327 1217 1366 far
1237 1340 1281 1366 as
1300 1326 1525 1366 bestiarum.
1583 1326 1648 1366 Cf.
1670 1326 1774 1366 Con.

109 1397 191 1448 Jul.
220 1410 314 1447 423:
356 1397 455 1435 Erat
481 1401 656 1447 serpens,
684 1401 763 1434 etc.
820 1395 962 1434 Sermo
988 1397 1132 1443 46:12,
1160 1395 1260 1433 Erat
1285 1393 1344 1433 ibi
1370 1399 1530 1444 serpens
1556 1393 1776 1444 sapientior

109 1463 291 1503 omnibus
313 1463 459 1502 bestiis.
516 1463 581 1501 De
605 1461 707 1502 Gen.
732 1461 787 1501 ad
811 1461 872 1500 lit.
900 1474 997 1500 11:2
1028 1460 1103 1500 has
1131 1460 1203 1499 the
1230 1460 1407 1511 pluperf.
1428 1461 1589 1511 fecerat,
1612 1460 1777 1500 instead

108 1530 151 1570 of
175 1530 247 1568 the
272 1529 442 1580 perfect.
498 1529 611 1568 Note
636 1528 708 1567 the
734 1534 960 1567 comment:
1001 1527 1134 1578 plures
1159 1527 1279 1566 latini
1303 1527 1452 1566 codices
1472 1526 1612 1566 habent
1633 1526 1778 1578 “sapi-

108 1596 381 1645 mitissimus?
419 1609 501 1635 non
537 1595 713 1646 proprio,
751 1600 830 1634 etc.
942 1607 976 1633 2.
1007 1594 1072 1634 Cf.
1112 1594 1253 1634 Sermo
1294 1605 1434 1644 15329,
1472 1593 1685 1645 evidently
1721 1607 1776 1633 an

107 1663 370 1714 adaptation.
486 1675 523 1713 3.
554 1661 619 1701 Cf.
652 1662 793 1701 Sermo
825 1671 964 1712 15319.
1072 1674 1110 1708 4.
1140 1661 1205 1699 De
1226 1660 1329 1700 Gen.
1351 1660 1486 1700 adlit.
1512 1674 1638 1711 11:30
1657 1660 1776 1700 reads

107 1730 210 1770 dixit
238 1742 336 1780 ergo.
395 1728 460 1768 Cf.
486 1729 550 1767 De
578 1728 742 1767 cantico
771 1741 881 1767 novo
910 1729 947 1776 8,
971 1740 1053 1766 non
1080 1731 1199 1766 morte
1227 1727 1421 1775 morieris,
1445 1727 1555 1766 eritis
1577 1727 1679 1766 sicut
1700 1727 1773 1766 dii.

109 1808 144 1848 5.
174 1797 239 1835 De
268 1795 370 1836 Gen.
401 1796 455 1835 ad
481 1795 543 1834 lit.
577 1808 716 1846 11:30,
744 1795 859 1835 Sicut
885 1794 958 1843 dii,
987 1798 1267 1845 cognoscentes,
1296 1799 1374 1833 etc.
1440 1794 1505 1832 De
1544 1793 1646 1833 Gen.
1684 1806 1774 1833 con.

108 1863 226 1902 Man.
249 1864 348 1902 2:26
366 1862 484 1902 reads
501 1861 691 1913 quoniam
706 1861 871 1901 instead
887 1861 930 1900 of
947 1860 1056 1912 quia,
1074 1860 1158 1900 and
1175 1860 1332 1900 ederitis
1350 1860 1413 1899 for
1430 1860 1775 1910 manducaveritis,

107 1930 191 1969 and
214 1930 340 1968 omits
364 1942 410 1968 ex
432 1928 514 1968 illo.
570 1928 703 1968 There
728 1941 796 1967 are
821 1941 949 1979 many
972 1927 1242 1978 adaptations
1267 1927 1309 1966 of
1333 1927 1405 1966 the
1430 1940 1558 1966 verse.
1617 1926 1682 1966 Cf.
1711 1928 1776 1966 De

109 1996 208 2036 Fide
229 2002 271 2035 et
292 1996 404 2047 Sym.
427 2009 465 2044 4,
487 1995 647 2035 Gustate
666 1999 701 2035 et
720 1995 831 2035 eritis
851 1999 1041 2046 tanquam
1068 1994 1141 2034 dii.
1199 1993 1264 2033 Cf.
1294 1994 1381 2033 also
1410 1994 1475 2032 De
1503 1993 1574 2033 lib.
1605 1993 1777 2033 arbitrio

109 2076 230 2114 3:243
282 2063 423 2102 Sermo
464 2073 607 2113 153:9;
652 2063 717 2100 De
753 2062 867 2100 Trin.
910 2072 1023 2112 11:5.
1132 2063 1169 2100 6.
1200 2061 1264 2099 De
1303 2060 1406 2100 Gen.
1446 2060 1501 2099 ad
1538 2060 1599 2099 lit.
1636 2073 1776 2110 11:30,

113 2129 224 2169 Vidit
252 2129 398 2169 bonum
426 2129 478 2168 ad
506 2141 634 2168 escam
661 2133 696 2168 et
723 2128 906 2168 decorum
934 2128 986 2167 ad
1015 2132 1229 2179 aspectum.
1285 2127 1393 2167 Ibid.
1428 2140 1551 2177 11:31
1584 2127 1659 2166 has
1688 2140 1775 2178 ergo

109 2196 281 2244 ederunt,
307 2195 470 2235 instead
494 2195 537 2234 of
562 2199 596 2235 et
620 2195 792 2235 ederunt.
850 2195 914 2233 De
941 2194 1043 2234 Gen.
1071 2207 1161 2234 con.
1189 2194 1307 2233 Man.
1338 2205 1436 2244 2:15
1471 2193 1546 2232 has
1571 2193 1623 2232 ad
1648 2206 1777 2233 escam

108 2261 272 2301 instead
291 2262 333 2301 of
360 2262 407 2301 in
434 2274 574 2301 eseam.
631 2262 696 2300 De
716 2262 794 2301 civ.
820 2274 885 2309 14:
900 2273 960 2311 17,
986 2261 1097 2301 Vidit
1115 2260 1258 2301 mulier
1276 2260 1373 2312 quia
1392 2260 1537 2299 bonum
1556 2260 1712 2311 lignum
1730 2260 1777 2299 in

109 2342 237 2368 escam
257 2333 291 2368 et
311 2328 407 2379 quia
427 2328 553 2379 placet
573 2328 697 2368 oeulis
718 2328 770 2367 ad
789 2328 1013 2368 videndum.
1071 2327 1136 2367 Cf.
1154 2327 1295 2367 Sermo
1320 2339 1390 2377 151
1404 2340 1412 2366 :
1425 2338 1460 2377 5,
1483 2326 1591 2377 Quia
1611 2327 1778 2377 placeret

109 2395 233 2435 ocutis
278 2395 330 2434 ad
374 2395 598 2435 videndum.
708 2406 744 2445 7.
774 2396 839 2434 De
886 2394 989 2434 Gen.
1030 2394 1084 2434 ad
1130 2394 1192 2433 lit.
1236 2407 1359 2444 11:31
1409 2393 1484 2433 has
1522 2397 1778 2444 cognoverunt

108 2461 272 2501 instead
306 2462 349 2501 of
383 2466 632 2512 agnoverunt.
696 2462 761 2501 De
800 2462 878 2501 civ.
912 2473 1036 2512 14:17
1074 2461 1231 2500 follows
1259 2461 1324 2500 De
1354 2460 1456 2500 Gen.
1486 2460 1541 2500 ad
1568 2460 1629 2499 lit.
1663 2472 1776 2508 11:1‚

109 2528 187 2568 but
215 2529 319 2568 later
346 2529 389 2567 in
417 2529 489 2568 the
518 2542 630 2568 same
659 2528 830 2580 chapter
858 2528 933 2568 has
960 2528 1033 2568 the
1060 2528 1230 2578 reading
1257 2531 1525 2579 cognoverunt.
1583 2527 1648 2566 Cf.
1678 2527 1775 2566 Loc.

113 2608 199 2645 119.
257 2595 397 2634 Sermo
423 2607 514 2646 151:
527 2606 547 2646 5
570 2595 646 2635 has
667 2596 919 2636 Consuerunt
933 2595 1040 2646 folia
1053 2594 1232 2646 ficulnea
1253 2599 1287 2633 et
1300 2595 1482 2645 fecerunt
1502 2594 1581 2633 sibi
1602 2593 1777 2633 succine-

109 2661 223 2701 toria.
281 2661 345 2701 Cf.
371 2662 436 2701 De
464 2662 597 2713 Nupt.
622 2668 664 2701 et
693 2662 797 2702 Con.
831 2673 917 2712 125.
1027 2664 1063 2701 8.
1094 2662 1159 2700 De
1190 2661 1292 2701 Gen.
1324 2660 1379 2701 ad
1407 2661 1468 2700 lit.
1504 2673 1628 2710 11:33
1659 2659 1777 2698 reads

110 2728 365 2776 ambulantis,
391 2728 474 2768 and
498 2728 605 2779 ligno
628 2729 730 2780 quod
753 2733 808 2768 est
832 2728 878 2768 in
902 2728 1103 2779 paradiso.
1161 2727 1226 2767 Cf.
1254 2728 1387 2778 Epist.
1418 2729 1504 2775 148.
1618 2740 1677 2765 10.
1709 2727 1774 2765 De

113 2794 216 2835 Gen.
241 2795 295 2834 ad
322 2795 383 2834 lit.
409 2808 535 2845 11:34
558 2795 682 2834 omits
705 2795 1008 2835 deambulantis.
1065 2795 1130 2835 Cf.
1156 2794 1260 2834 Con.
1287 2795 1369 2845 Jul.
1394 2796 1510 2841 4:16.
1622 2807 1681 2832 11.
1713 2793 1777 2832 De

113 2861 216 2901 Gen.
247 2875 337 2901 con.
370 2862 488 2902 Man.
522 2864 622 2901 2:16
652 2862 770 2902 reads
799 2862 901 2913 quod
929 2862 1064 2902 nudus
1092 2874 1212 2908 esses;
1255 2861 1338 2900 and
1366 2860 1537 2900 dixerim
1566 2891 1574 2899 .
1607 2891 1615 2899 .
1647 2891 1655 2899 .
1688 2891 1696 2898 .
1727 2873 1776 2900 ne

112 2928 383 2968 manducares.
439 2928 561 2979 Oper.
578 2929 729 2979 Imper.
747 2942 836 2968 con.
853 2929 934 2980 Jul.
954 2940 994 2979 5:
1009 2930 1055 2968 16
1075 2929 1233 2967 follows
1253 2928 1318 2967 De
1339 2927 1441 2967 Gen.
1464 2926 1518 2966 ad
1537 2926 1613 2975 lit„
1634 2932 1778 2977 except

114 2994 208 3034 that
236 2995 270 3034 it
299 2995 373 3035 has
402 2995 474 3034 the
502 2995 756 3046 preposition
786 3009 832 3035 ex
861 2995 1024 3035 instead
1053 2995 1095 3034 of
1125 3008 1150 3034 a
1180 2994 1263 3034 and
1292 2994 1352 3033 ab.
1411 2993 1514 3033 Con.
1545 2993 1627 3044 Jul.
1659 2994 1776 3041 4:16,
