2309 3583
772 298 862 327 THE
893 297 1013 327 TEXT
1671 301 1721 342 31

69 413 273 452 Dominus
290 411 382 462 ipsi.
441 422 500 461 17.
531 411 587 450 Et
604 411 763 450 factum
782 416 857 459 est,
876 423 972 449 mox
987 416 1033 449 ut
1049 410 1277 450 eduxerunt
1292 411 1407 450 illum
1422 412 1544 461 foras,
1561 418 1602 452 ct
1617 412 1727 452 dixe-

67 484 182 518 runt:
216 478 382 518 Salvam
404 477 470 516 fac
492 477 674 516 animam
696 482 829 524 tuam,
853 490 904 515 ne
926 476 1147 527 respexeris
1170 483 1279 515 retro
1298 490 1371 516 nec
1391 478 1553 517 steteris
1572 478 1615 518 in
1634 485 1725 518 tota

69 544 248 595 regione:
279 544 321 582 in
338 549 481 582 monte
498 543 659 582 salvum
677 549 719 582 te
736 543 815 591 fac,
834 556 884 581 ne
902 543 1069 593 quando
1087 542 1457 594 comprehendaris.
1517 546 1576 584 18.
1606 545 1725 584 Dixit

67 616 208 650 autem
224 610 305 649 Lot
323 609 376 649 ad
391 609 499 648 illos:
531 609 627 658 Oro,
646 608 839 658 Domine,
898 622 957 659 19.
987 608 1094 659 Quia
1110 608 1270 648 invenit
1287 622 1388 660 puer
1405 609 1726 650 misericordiam

68 682 165 716 ante
182 666 227 715 te
242 681 284 715 et
301 674 576 726 magnificasti
594 674 800 714 iustitiam
817 680 948 723 tuam,
968 688 1094 725 quam
1112 674 1213 714 facis
1230 674 1273 713 in
1291 688 1370 723 me,
1389 681 1436 714 ut
1453 675 1572 715 vivat
1590 676 1727 716 anima

67 755 176 791 mea3
209 755 283 792 ego
306 747 448 781 autem
470 755 553 781 non
575 754 744 792 possum
767 741 906 780 salvus
924 741 1010 780 fieri
1032 741 1075 780 in
1098 747 1253 790 monte,
1272 754 1323 780 ne
1340 741 1447 780 forte
1465 742 1728 793 comprehen-

67 809 170 848 dant
195 821 261 847 me
286 808 396 848 mala
421 814 462 847 et
487 807 650 847 moriar.
709 821 770 847 21.
800 808 906 847 Ecce
931 806 1105 847 miratus
1131 820 1222 847 sum
1241 806 1389 847 faciem
1408 813 1527 847 tuam
1546 814 1588 847 et
1608 822 1729 859 super

67 874 241 914 verbum
269 874 360 924 hoc,
391 888 442 914 ne
470 879 697 914 everterem
726 873 941 913 civitatem
970 874 1021 913 de
1050 887 1133 925 qua
1162 874 1324 913 locutus
1353 887 1407 913 es.
1467 887 1527 913 22.
1558 874 1726 914 Festina

68 954 162 992 ergo
178 947 225 980 ut
241 941 379 980 salvus
394 940 449 980 sis
463 940 539 990 ibi余
569 954 652 980 non
667 939 777 980 enim
798 946 944 991 potero
965 940 1098 980 facere
1113 940 1287 979 verbum
1310 940 1440 980 donec
1454 946 1503 980 tu
1515 940 1586 980 illo
1600 941 1730 980 intro-

67 1021 149 1056 eas,
207 1021 267 1056 24.
296 1007 409 1047 Pluit
428 1007 635 1047 Dominus
655 1021 679 1047 a
699 1007 894 1047 Domino.
953 1020 1014 1058 29.
1045 1007 1101 1046 Et
1120 1007 1359 1047 recordatus
1379 1013 1441 1047 est
1461 1008 1576 1047 Deus
1595 1008 1727 1048 Abra-

66 1074 164 1114 ham
183 1080 225 1114 et
243 1074 379 1114 emisit
397 1075 478 1114 Lot
497 1075 547 1114 de
565 1074 701 1114 medio
720 1073 955 1123 eversionis,
975 1087 1070 1113 cum
1089 1079 1292 1114 everteret
1311 1074 1516 1114 Dominus
1536 1074 1728 1114 civitates

65 1141 108 1181 in
126 1141 276 1192 quibus
293 1140 515 1181 habitabat
531 1140 575 1180 in
593 1140 663 1180 eis.
719 1154 782 1191 30.
811 1140 1010 1180 Ascendit
1027 1146 1169 1180 autem
1186 1141 1266 1180 Lot
1285 1140 1335 1180 de
1354 1141 1478 1191 Segor
1495 1146 1537 1180 et
1555 1141 1727 1182 sedebat

67 1207 110 1248 in
129 1214 283 1248 monte.
339 1207 499 1247 Timuit
519 1207 629 1247 enim
647 1207 836 1247 habitare
854 1206 898 1246 in
918 1207 1054 1258 Segor.

777 1372 952 1406 CHAPTER
978 1382 1019 1405 20

148 1465 182 1491 2.
212 1451 331 1491 Dixit
350 1458 492 1491 autem
510 1451 724 1491 Abraham
743 1451 793 1491 de
813 1451 933 1491 Sarra
953 1464 1076 1490 uxore
1095 1464 1187 1490 sua:
1221 1451 1342 1491 Soror
1361 1464 1453 1491 mea
1471 1457 1550 1501 est余
1585 1451 1729 1492 timuit

68 1518 177 1558 enim
195 1517 345 1558 dicere:
377 1516 490 1558 Uxor
506 1531 598 1557 mea
616 1524 691 1567 est,
710 1531 761 1557 ne
778 1518 884 1557 forte
901 1517 1134 1557 occiderent
1152 1531 1246 1556 eum
1263 1517 1342 1557 viri
1359 1517 1544 1557 civitatis
1561 1524 1731 1570 propter

66 1584 193 1625 illam.
250 1599 286 1636 3.
316 1585 422 1624 Ecce
443 1590 492 1624 tu
513 1584 710 1632 morieris,
759 1598 796 1632 4.
826 1584 1058 1635 Numquid,
1081 1584 1261 1623 Domine
1281 1590 1447 1635 gentem
1467 1584 1730 1635 ignorantem

68 1657 109 1691 et
131 1651 286 1691 iustam
307 1651 485 1702 perdes?
540 1653 577 1690 6.
608 1651 699 1691 Scio
722 1651 820 1702 quia
842 1650 885 1689 in
908 1651 1064 1690 mundo
1087 1651 1208 1690 corde
1230 1650 1365 1690 fecisti
1388 1651 1479 1700 hoc,
1503 1657 1545 1690 et
1567 1651 1731 1702 peperci

67 1717 146 1757 tibi
164 1723 212 1757 ut
230 1731 314 1757 non
330 1730 518 1769 pecarres
535 1717 579 1756 in
598 1731 676 1757 me.
736 1731 796 1756 12.
826 1717 994 1756 Etenim
1012 1730 1107 1756 vere
1126 1730 1239 1756 soror
1257 1730 1349 1756 mea
1368 1723 1430 1756 est
1450 1718 1500 1757 de
1519 1723 1638 1768 patre
1657 1718 1729 1758 sed

67 1798 150 1824 non
176 1785 226 1825 de
253 1790 399 1824 matre.
459 1797 518 1835 13.
548 1785 600 1823 In
622 1784 734 1823 omni
758 1784 847 1823 loco
870 1784 940 1823 ubi
962 1783 1256 1823 intraverimus
1274 1783 1346 1823 ibi.
1405 1785 1464 1823 18.
1495 1784 1601 1834 Quia
1621 1785 1731 1824 clau-

66 1857 176 1892 serat
203 1852 318 1891 Deus
345 1850 470 1891 aforis
496 1864 661 1891 omnem
688 1851 860 1890 vulvam
886 1851 929 1889 in
951 1850 1075 1890 domo
1097 1850 1350 1898 Abimelech,
1376 1856 1545 1902 propter
1567 1851 1731 1891 Sarram

69 1931 236 1958 uxorem
257 1917 462 1957 Abrahae.

779 1993 954 2027 CHAPTER
980 2004 1018 2026 21

146 2075 182 2113 6.
211 2073 359 2113 Risum
398 2072 500 2112 mihi
540 2072 639 2112 fecit
680 2072 902 2122 Dominus余
959 2072 1210 2124 quicumque
1251 2072 1361 2112 enim
1400 2072 1593 2122 audierit,
1635 2086 1731 2112 con-

67 2139 265 2190 gaudebit
290 2139 404 2179 mihi.
464 2153 523 2179 10.
554 2139 651 2179 Eice
677 2139 870 2179 ancillam
895 2145 937 2179 et
962 2138 1094 2178 filium
1120 2138 1223 2188 eius3
1265 2152 1348 2178 non
1375 2139 1484 2178 enim
1510 2138 1589 2178 erit
1615 2138 1731 2179 heres

68 2206 175 2246 filius
199 2205 370 2246 ancillae
394 2219 489 2245 cum
512 2205 596 2245 filio
619 2219 712 2245 meo
736 2206 866 2245 Isaac.
926 2219 985 2245 12.
1015 2206 1066 2245 In
1090 2206 1208 2245 Isaac
1232 2204 1451 2245 vocabitur
1474 2204 1554 2245 tibi
1578 2219 1729 2245 semen.

72 2286 133 2324 13.
162 2274 218 2312 Et
232 2272 362 2312 filium
377 2278 518 2312 autem
532 2272 704 2312 ancillae
718 2271 839 2312 huius
856 2271 900 2311 in
918 2285 1114 2323 magnam
1131 2278 1298 2323 gentem
1316 2272 1467 2312 faciam
1485 2272 1614 2322 illum,
1635 2272 1732 2324 quia

69 2352 207 2379 semen
232 2344 353 2378 tuum
379 2345 453 2378 est.
513 2352 572 2387 14.
603 2338 786 2379 Surrexit
811 2345 952 2379 autem
976 2338 1190 2378 Abraham
1214 2352 1336 2378 mane
1361 2344 1403 2378 et
1428 2339 1576 2378 sumsit
1600 2351 1729 2390 panes

68 2412 111 2446 et
135 2411 270 2445 utrem
293 2418 426 2456 aquae
450 2411 492 2445 et
516 2405 631 2446 dedit
654 2406 781 2456 Agar余
820 2411 862 2445 et
885 2405 1070 2457 inposuit
1093 2405 1137 2445 in
1160 2405 1366 2455 humeros,
1390 2410 1433 2445 et
1456 2418 1647 2456 puerum3
1688 2410 1730 2444 et

70 2472 226 2512 dimisit
246 2471 374 2512 illam.
433 2483 493 2523 15.
522 2471 687 2512 Defecit
710 2478 852 2512 autem
875 2485 984 2523 aqua
1008 2472 1059 2512 de
1082 2477 1174 2511 utre
1197 2478 1239 2511 et
1261 2471 1435 2523 proiecit
1457 2485 1631 2523 puerum
1655 2472 1731 2511 sub

69 2552 196 2578 unam
227 2538 420 2578 abietem.
479 2540 539 2578 16.
569 2539 625 2578 Et
657 2539 843 2579 discessit
873 2544 916 2579 et
948 2539 1086 2579 sedere
1118 2538 1255 2590 coepit
1286 2544 1431 2578 contra
1461 2538 1578 2578 illum
1610 2538 1729 2588 longe

70 2611 276 2656 quantum
301 2618 419 2644 arcus
444 2604 595 2655 mittit3
636 2605 739 2646 dixit
764 2605 891 2645 enim:
931 2605 1029 2645 Non
1055 2605 1206 2645 videbo
1231 2610 1409 2644 mortem
1433 2605 1506 2644 filii
1526 2604 1619 2644 mei.
1675 2605 1733 2644 Et

70 2672 177 2712 sedit
202 2677 346 2711 contra
371 2685 477 2711 eum.
533 2672 779 2712 Exclamans
803 2678 945 2712 autem
967 2686 1069 2723 puer
1091 2671 1286 2723 ploravit.
1346 2683 1406 2722 17.
1436 2672 1492 2710 Et
1516 2670 1729 2711 exaudivit

70 2739 185 2778 Deus
211 2751 355 2778 vocem
380 2737 497 2789 pueri
523 2738 573 2778 de
598 2739 687 2778 1060
713 2738 785 2778 ubi
811 2744 912 2778 erat.
969 2739 1025 2778 Et
1050 2737 1219 2778 vocavit
1245 2739 1415 2789 angelus
1441 2737 1521 2777 Dei
1547 2738 1656 2788 Agar
1682 2738 1732 2777 de

70 2805 183 2845 caelo
207 2811 249 2844 et
273 2805 377 2844 dixit
401 2804 455 2844 ei:
494 2804 604 2855 Quid
627 2811 703 2854 est,
728 2805 869 2855 Agar?
924 2805 1022 2845 Noli
1046 2805 1208 2854 timere3
1247 2804 1460 2844 exaudivit
1484 2803 1594 2843 enim
1618 2804 1733 2843 Deus

70 2884 216 2911 vocem
237 2871 310 2911 filii
332 2870 394 2910 tui
418 2871 469 2911 de
491 2871 580 2910 loco
602 2871 645 2910 in
669 2885 752 2922 quo
774 2877 849 2911 est.
927 2873 987 2911 18.
1017 2872 1144 2922 Surge
1164 2877 1206 2911 et
1225 2870 1365 2922 accipe
1383 2884 1557 2922 puerum
1577 2876 1619 2910 et
1638 2876 1733 2909 tene

72 2937 188 2977 illum
205 2951 332 2978 manu
348 2944 440 2987 tua3
470 2937 515 2976 in
531 2951 726 2988 magnam
743 2938 852 2977 enim
868 2944 1034 2989 gentem
1050 2937 1202 2978 faciam
1218 2937 1347 2977 illum.
1407 2951 1466 2988 19.
1497 2937 1553 2976 Et
1570 2936 1733 2988 aperuit

73 3005 188 3044 Deus
208 3005 347 3044 oculos
367 3004 467 3053 eius,
489 3010 531 3044 et
550 3004 658 3044 vidit
678 3010 852 3056 puteum
872 3018 1005 3056 aquae
1025 3004 1160 3045 vivae.
1219 3017 1279 3044 22.
1310 3004 1485 3044 Factum
1506 3009 1568 3043 est
1589 3008 1732 3043 autem
