2309 3583
787 286 878 316 THE
909 285 1029 315 TEXT
1685 286 1739 327 43

79 402 366 445 defemoribus
381 401 480 449 eius,
497 400 628 440 donec
643 399 816 439 veniant
832 411 938 449 quae
954 398 1133 449 reposita
1149 404 1246 437 sunt
1261 398 1314 446 ei3
1345 398 1487 448 etipse
1503 398 1738 449 expectatio

75 470 273 521 gentium.
332 481 391 507 11.
420 466 604 517 Alligans
628 465 683 505 ad
706 465 837 504 vitem
860 465 1021 515 pullum
1045 476 1166 503 suum
1190 469 1232 503 et
1256 464 1386 503 cilicio
1410 464 1570 514 pullum
1595 464 1736 503 asinae

76 549 173 576 suae
181 549 190 584 ;
224 533 383 574 lavabit
402 533 445 572 in
465 532 564 572 vino
584 532 736 571 stolam
755 544 887 579 suam,
908 536 950 569 et
969 531 1012 569 in
1033 530 1232 580 sanguine
1253 543 1358 568 uvae
1379 530 1580 569 amictum
1600 543 1735 570 suum.

79 615 140 641 12.
169 600 289 640 Fulvi
316 599 423 640 oculi
449 599 535 638 eius
562 611 586 638 a
613 598 712 637 vino
738 603 780 636 et
808 597 953 637 dentes
980 595 1238 636 candidiores
1265 596 1384 634 lacte.
1445 609 1504 643 24.
1535 596 1638 635 Inde
1666 597 1738 647 qui

73 664 327 707 confortavit
357 665 526 705 Israhel.
586 676 647 714 27.
677 663 894 703 Beniamin
920 663 1046 713 lupus
1069 675 1211 713 raan,
1238 675 1359 701 mane
1384 662 1518 712 rapiet
1542 662 1741 712 praedam

75 740 117 774 et
134 733 189 773 ad
206 745 422 784 vesperam
439 730 598 771 dividet
616 743 741 770 escas.
798 743 862 780 32.
893 729 948 769 Et
967 728 1183 780 adpositus
1202 734 1264 768 est
1283 727 1338 767 ad
1355 733 1495 778 patres
1513 741 1622 767 suos.

791 838 965 872 CHAPTER
990 848 1032 879 50

156 934 190 960 2.
220 920 337 960 Dixit
363 919 515 970 Ioseph
542 918 668 958 servis
695 918 778 957 suis
805 917 1095 968 sepultoribus,
1124 923 1172 956 ut
1199 916 1417 966 sepelirent
1443 922 1608 966 patrem
1635 915 1735 955 eius.

75 1001 97 1039 3
104 1018 273 1027 .....
303 986 589 1037 Quadraginta
613 985 698 1024 dies
721 985 970 1035 sepulturae.
1027 996 1064 1032 4.
1094 982 1330 1034 Loquimim‘
1354 982 1397 1021 in
1417 995 1536 1021 aures
1558 982 1741 1022 Pharao-

75 1055 150 1094 nis.
208 1065 243 1105 5.
272 1054 396 1093 Pater
415 1065 531 1092 meus
549 1051 758 1092 adiuravit
778 1064 843 1090 me
863 1050 1018 1091 dicens:
1047 1051 1098 1089 In
1121 1055 1393 1089 monumento
1417 1048 1531 1100 quod
1553 1062 1629 1099 ego
1651 1049 1740 1089 fodi

75 1121 175 1160 mihi
196 1121 239 1159 in
260 1126 370 1159 terra
393 1119 609 1167 Chanaan‚
631 1118 690 1158 ibi
712 1131 777 1157 me
799 1117 979 1169 sepelies.
1037 1118 1073 1156 6.
1104 1117 1160 1155 Et
1182 1116 1286 1156 dixit
1308 1115 1471 1155 Pharao
1494 1115 1549 1155 ad
1569 1115 1741 1166 Ioseph:

75 1187 290 1227 Descende
316 1192 358 1226 et
384 1186 508 1237 sepeli
533 1191 698 1237 patrem
723 1190 858 1224 tuum.
918 1197 977 1223 10.
1008 1184 1065 1222 Et
1091 1182 1351 1223 advenerunt
1378 1182 1433 1222 ad
1459 1195 1600 1222 aream
1625 1181 1741 1222 Atad

76 1267 182 1306 quae
206 1260 268 1293 est
291 1260 407 1293 trans
431 1252 654 1292 Iordanem
683 1283 691 1291 .
724 1283 732 1291 .
765 1283 773 1291 .
805 1283 813 1291 .
843 1251 1091 1302 planxerunt
1116 1263 1211 1289 eum
1233 1250 1452 1300 planctum
1476 1261 1675 1299 magnum
1699 1254 1741 1288 et

75 1320 274 1361 validum.
331 1320 387 1359 Et
408 1319 506 1358 fecit
528 1319 688 1358 luctum
709 1317 819 1369 patri
842 1331 917 1357 suo
939 1323 1100 1368 septem
1122 1316 1279 1356 diebus.
1340 1327 1400 1367 15.
1431 1316 1488 1355 Et
1509 1315 1744 1355 redditione

74 1387 220 1427 reddet
242 1386 360 1426 nobis
382 1386 522 1426 omnia
544 1385 666 1433 mala,
691 1397 797 1436 quae
820 1383 1078 1424 ostendimus
1100 1383 1149 1422 ei.
1209 1394 1269 1432 17.
1300 1382 1452 1433 Accipe
1474 1382 1744 1433 iniquitatem

75 1466 289 1494 servorum
315 1453 394 1491 Dei
420 1452 552 1503 patris
577 1451 653 1491 tui.
714 1452 773 1490 18.
804 1451 860 1490 Et
886 1450 1099 1490 venientes
1126 1449 1180 1489 ad
1207 1462 1302 1489 eum
1329 1448 1535 1488 dixerunt.
1595 1462 1656 1488 22.
1688 1449 1745 1488 Et

75 1520 285 1561 habitavit
311 1519 462 1570 Ioseph
488 1518 531 1557 in
556 1518 762 1569 Aegypto,
788 1517 875 1568 ipse
902 1523 943 1556 et
969 1516 1117 1556 fratres
1143 1516 1229 1556 eius
1255 1521 1297 1555 et
1323 1516 1458 1555 omnis
1483 1515 1744 1555 cohabitatio

75 1587 206 1638 patris
225 1586 311 1625 eius
331 1592 372 1624 et
392 1585 495 1624 vixit
515 1598 646 1624 annos
665 1590 834 1623 centurn
853 1583 1008 1623 decem.
1068 1596 1128 1634 23.
1159 1583 1215 1622 Et
1235 1582 1341 1622 vidit
1360 1582 1512 1633 Ioseph
1533 1582 1745 1633 Ephraem

75 1653 178 1693 filios
203 1665 332 1703 usque
355 1652 399 1690 in
422 1651 592 1691 tertiam
615 1650 924 1701 generationem
948 1655 989 1689 et
1014 1649 1085 1689 filii
1112 1649 1291 1698 Machir,
1318 1648 1389 1688 filii
1416 1649 1626 1699 Manasse,
1652 1649 1744 1688 nati

77 1726 175 1760 sunt
194 1732 316 1770 super
334 1719 492 1758 femora
511 1717 676 1769 Ioseph.

666 1837 884 1871 VARIANT
908 1835 1157 1870 READINGS

805 1914 980 1948 CHAPTER
1007 1925 1022 1947 1

159 2010 193 2037 1.
223 1996 476 2048 Frequently
509 1994 667 2047 quoted
698 1994 876 2034 without
908 1993 1087 2033 variant.
1199 2006 1234 2033 2.
1265 1993 1329 2032 De
1357 1992 1459 2033 Gen.
1486 1992 1542 2033 ad
1565 1992 1626 2032 lit.
1656 2006 1745 2041 1:1,

75 2070 118 2104 et
143 2064 209 2112 al.‚
235 2063 340 2103 omit
365 2067 507 2102 autem.
565 2062 673 2101 First
698 2061 785 2101 half
810 2060 853 2101 of
877 2061 949 2100 the
975 2073 1090 2100 verse
1116 2060 1354 2112 frequently
1380 2059 1538 2111 quoted
1563 2059 1742 2100 without

76 2130 253 2170 variant.
309 2130 417 2180 Imp.
442 2128 544 2169 Gen.
568 2142 593 2177 4
614 2127 689 2168 has
709 2127 1037 2179 superferebatur,
1059 2127 1138 2167 but
1159 2140 1273 2167 some
1295 2126 1403 2167 MSS
1420 2126 1519 2166 read
1525 2126 1741 2177 serebatur.

79 2197 199 2238 Some
221 2196 329 2236 MSS
352 2195 395 2235 of
415 2196 480 2234 De
504 2194 606 2235 Gen.
629 2194 684 2234 ad
705 2194 766 2233 lit.
791 2194 877 2233 also
899 2193 998 2234 read
1009 2193 1222 2244 ferebatur.
1280 2193 1422 2233 Sermo
1444 2194 1536 2242 2263
1571 2193 1743 2243 Quaest.

81 2276 207 2314 1:134
230 2263 315 2303 also
336 2262 435 2302 read
448 2262 662 2312 ferebatur.
718 2261 888 2311 Quaest.
915 2274 955 2300 2:
968 2272 1033 2311 55;
1072 2260 1176 2300 Con.
1201 2260 1233 2299 F
1236 2266 1343 2300 aust.
1370 2273 1516 2309 22:11;
1555 2259 1744 2300 Confess.

81 2343 147 2380 13:
157 2343 180 2380 3
200 2328 307 2368 have
326 2328 398 2368 the
416 2328 550 2379 plural
570 2341 708 2379 aquas.
766 2327 819 2368 So
839 2327 924 2367 also
945 2340 969 2366 a
988 2326 1187 2378 majority
1206 2326 1249 2367 of
1267 2326 1340 2366 the
1361 2326 1469 2367 MSS
1490 2326 1533 2366 of
1552 2327 1618 2365 De
1640 2326 1744 2367 Gen.

79 2396 134 2437 ad
161 2395 222 2435 lit.
333 2409 371 2445 3.
401 2395 466 2434 De
497 2394 600 2435 Gen.
629 2394 695 2434 ad.
716 2393 777 2434 lit.
803 2406 915 2444 1:17,
938 2399 980 2433 et
1004 2394 1071 2442 al.‚
1094 2393 1198 2433 omit
1224 2393 1294 2433 the
1317 2393 1406 2432 first
1430 2397 1476 2441 et,
1501 2393 1580 2432 due
1604 2398 1650 2433 to
1672 2393 1745 2433 the

78 2467 247 2503 context
264 2461 308 2500 in
326 2461 459 2501 which
479 2461 648 2512 quoted.
705 2461 959 2512 Frequently
974 2459 1145 2512 quoted.
1254 2474 1291 2509 4.
1321 2460 1575 2511 Frequently
1588 2459 1747 2510 quoted

80 2528 164 2569 and
189 2528 367 2568 without
394 2527 559 2567 variant
586 2533 732 2579 except
757 2527 890 2567 where
916 2527 1101 2578 adapted
1125 2533 1171 2567 to
1196 2526 1268 2566 the
1294 2532 1477 2575 context,
1503 2540 1548 2566 as
1574 2526 1617 2565 in
1640 2526 1745 2566 Con.

79 2596 199 2647 epist.
229 2595 365 2645 Pelag.
399 2606 486 2644 227,
515 2594 648 2634 where
677 2595 788 2634 Deus
814 2594 848 2634 is
877 2594 1068 2633 omitted.
1180 2605 1214 2644 5.
1245 2593 1334 2633 The
1362 2593 1452 2633 first
1480 2599 1576 2644 part
1604 2593 1647 2632 of
1674 2592 1747 2632 the

79 2675 195 2702 verse
228 2661 262 2701 is
294 2661 451 2712 quoted
481 2661 694 2700 elsewhere
725 2661 903 2701 without
934 2661 1101 2700 variant
1134 2666 1279 2711 except
1311 2660 1353 2698 in
1382 2661 1433 2699 In
1461 2660 1578 2699 Ioan.
1599 2672 1747 2710 evang.

79 2742 197 2778 44:4‚
235 2728 318 2768 and
356 2728 497 2768 Sermo
537 2729 624 2777 226,
662 2727 795 2767 where
832 2741 892 2767 we
929 2727 1017 2767 find
1053 2727 1178 2767 lucem
1216 2727 1359 2767 vocavit
1386 2726 1503 2766 diem.
1560 2727 1611 2765 In
1641 2726 1745 2765 Con.

79 2795 217 2836 Adim.
250 2809 267 2834 1
299 2794 370 2833 the
398 2794 479 2833 last
507 2800 602 2845 part
630 2794 673 2833 of
701 2794 773 2833 the
802 2807 917 2833 verse
945 2793 1066 2833 reads
1094 2793 1210 2833 thus:
1252 2798 1287 2833 et
1313 2794 1471 2844 sactum
1506 2797 1561 2832 est
1595 2798 1747 2844 vespere

80 2867 114 2902 et
139 2862 296 2913 sactum
330 2865 384 2900 est
419 2873 536 2900 mane
563 2860 648 2900 dies
675 2873 772 2900 una.
829 2861 883 2901 So
911 2861 998 2900 also
1026 2860 1069 2899 in
1098 2861 1244 2899 Enarr.
1274 2860 1317 2898 in
1346 2860 1412 2898 Ps.
1445 2861 1572 2910 70:16
1602 2864 1748 2910 except

82 2928 182 2968 with
209 2928 282 2967 the
318 2927 542 2967 masculine
575 2927 682 2966 form
709 2927 793 2967 dies
825 2940 945 2967 unus.
1056 2929 1092 2966 6.
1123 2927 1188 2966 De
1219 2926 1321 2966 Gen.
1352 2926 1406 2965 ad
1434 2926 1494 2965 lit.
1528 2927 1602 2965 2:6
1629 2926 1749 2966 twice

84 2995 204 3034 reads
233 2994 375 3034 divisio
407 2993 571 3033 instead
604 2993 646 3033 of
674 2993 864 3033 dividens.
975 3005 1010 3043 7.
1041 2994 1105 3033 De
1136 2993 1238 3033 Gen.
1268 2993 1323 3032 ad
1348 2992 1410 3032 lit.
1442 2994 1515 3032 226
1547 2992 1622 3032 has
1650 3006 1749 3044 quae
