2309 3583
427 289 480 318 20
657 287 688 317 A
718 287 867 317 STUDY
897 287 954 317 OF
983 275 1292 318 AUGUSTINE’S
1322 287 1550 318 VERSIONS
1581 287 1638 318 OF
1669 287 1863 319 GENESIS

425 401 574 450 solum3
635 401 836 441 faciamus
884 402 920 441 ei
967 402 1222 442 adiutorium

424 468 651 507 secundum
698 468 847 519 ipsum.
907 482 966 519 19.
998 469 1054 508 Et
1102 468 1222 508 finxit

425 535 539 573 Deus
559 533 694 574 adhuc
713 535 763 574 de
780 541 891 574 terra
908 548 1050 574 omnes
1067 535 1222 574 bestias

423 600 510 651 agri
547 607 590 640 et
631 601 770 640 omnia
810 601 996 640 volatilia
1036 602 1137 641 caeli
1180 608 1222 641 et

424 667 598 706 adduxit
622 667 692 706 illa
717 668 772 707 ad
797 668 946 717 Adam,
974 674 1021 707 ut
1045 668 1218 718 videret,

424 733 525 784 quid
551 734 719 773 vocabit
745 734 831 773 illa:
873 740 915 773 et
941 747 1063 773 omne
1090 734 1221 785 quod-

424 812 600 851 cumque
631 801 799 840 vocavit
830 800 932 840 illud
963 801 1100 840 Adam
1131 801 1219 840 ani-

423 879 536 906 mam
563 866 717 916 vivam‚
745 866 824 906 hoc
851 873 914 906 est
941 880 1092 906 nomen
1119 867 1218 906 eius.

427 946 488 972 20.
518 934 574 972 Et
631 934 799 972 vocavit
856 933 993 973 Adam
1051 933 1219 972 nomina

423 999 614 1039 omnibus
664 1000 880 1051 pecoribus
931 1006 973 1039 et
1025 999 1217 1039 omnibus

422 1066 660 1105 volatilibus
681 1066 782 1105 caeli
802 1072 844 1105 et
864 1066 1055 1105 omnibus
1075 1066 1220 1105 bestiis

422 1133 521 1182 agri.
576 1133 662 1183 Ipsi
698 1139 842 1171 autem
879 1132 995 1172 Adae
1033 1145 1116 1171 non
1154 1137 1217 1171 est

421 1199 615 1238 inventus
656 1199 822 1238 adiutor
862 1197 1005 1238 similis
1046 1197 1096 1237 ei.
1156 1212 1218 1238 21.

423 1265 479 1304 Et
498 1265 669 1304 immisit
689 1266 804 1304 Deus
825 1264 983 1304 extasin
1002 1265 1046 1303 in
1066 1265 1216 1314 Adam,

422 1338 463 1371 et
498 1332 768 1371 obdormivit:
819 1337 861 1370 et
895 1332 1055 1382 accepit
1090 1344 1219 1370 unam

422 1404 630 1438 costarum
661 1399 746 1437 eius
784 1404 826 1437 et
863 1397 1094 1449 adinplevit
1131 1411 1219 1437 car-

422 1478 516 1504 nem
538 1465 581 1503 in
600 1465 735 1504 locum
757 1465 854 1504 eius.
914 1478 974 1504 22.
1005 1465 1061 1504 Et
1080 1465 1220 1505 aedifi-

421 1531 533 1571 cavit
553 1531 758 1570 Dominus
772 1532 887 1570 Deus
902 1537 1074 1581 costam,
1091 1544 1218 1583 quam

421 1598 578 1648 accepit
625 1598 675 1637 de
720 1597 857 1637 Adam
902 1598 945 1636 in
992 1598 1217 1637 mulierem.

420 1665 476 1703 Et
496 1664 670 1704 adduxit
690 1677 781 1704 eam
801 1664 855 1704 ad
875 1665 1028 1704 Adam:
1066 1678 1126 1715 23.
1158 1665 1214 1704 Et

421 1730 525 1770 dixit
550 1731 704 1770 Adam:
745 1731 837 1770 Hoc
856 1743 966 1770 nunc
985 1744 1030 1770 os
1051 1745 1099 1770 ex
1118 1732 1217 1770 ossi-

421 1797 499 1836 bus
532 1797 634 1836 meis
667 1803 708 1836 et
742 1810 837 1837 caro
871 1797 921 1837 de
955 1810 1076 1837 carne
1109 1810 1201 1837 mea
1210 1811 1219 1847 ;

419 1863 521 1903 haec
539 1864 759 1904 vocabitur
777 1864 934 1913 mulier,
955 1864 1153 1915 quoniam
1172 1877 1220 1903 ex

421 1930 510 1969 viro
550 1936 688 1970 sumta
727 1936 803 1970 est.
862 1944 923 1979 24.
954 1931 1010 1970 Et
1048 1937 1219 1982 propter

419 1996 498 2036 1100
518 1997 721 2048 relinquet
741 1996 867 2036 homo
886 2003 1051 2048 patrem
1071 2003 1113 2037 et
1133 2010 1219 2037 ma-

418 2069 524 2103 trem
545 2069 587 2103 et
607 2063 958 2114 conglutinabitur
977 2064 1032 2103 ad
1052 2077 1220 2103 uxorem

417 2143 552 2178 suam;
590 2136 632 2169 et
655 2136 775 2169 erunt
799 2130 881 2169 duo
904 2130 947 2169 in
971 2143 1092 2169 carne
1115 2144 1210 2170 una.

421 2210 439 2235 2
447 2208 481 2247 5.
511 2197 567 2235 Et
592 2202 710 2236 erant
735 2197 858 2236 ambo
884 2196 985 2236 nudi
1010 2197 1147 2237 Adam
1174 2203 1215 2236 et

417 2263 562 2302 mulier
581 2263 667 2302 eius
687 2269 728 2302 et
748 2276 831 2302 non
850 2263 1038 2314 pudebat
1058 2264 1162 2303 illos.

706 2384 879 2417 CHAPTER
903 2395 922 2425 3

474 2477 506 2502 1.
538 2463 710 2514 Serpens
742 2470 884 2502 autem
916 2469 1006 2503 erat
1037 2464 1217 2514 pruden-

418 2529 600 2568 tissimus
631 2530 816 2568 omniurn
848 2530 1077 2569 bestiarum
1110 2543 1215 2581 quae

417 2602 514 2634 sunt
544 2609 664 2646 super
693 2602 848 2635 terram
877 2610 980 2647 quas
1006 2597 1104 2635 fecit
1131 2597 1217 2635 Do-

418 2662 554 2701 minus
571 2663 698 2701 Deus.
754 2663 810 2701 Et
827 2662 929 2701 dixit
945 2676 1109 2713 serpens
1128 2675 1216 2702 mu-

418 2728 520 2767 lieri:
562 2729 662 2780 quid
689 2729 786 2780 quia
814 2729 918 2768 dixit
945 2730 1078 2768 Deus:
1118 2730 1216 2768 Non

417 2795 546 2834 edetis
572 2796 625 2834 ab
651 2796 764 2834 omni
790 2795 900 2846 ligno
925 2796 1119 2846 paradisi.
1179 2809 1213 2835 2.

418 2861 473 2900 Et
495 2862 597 2901 dixit
618 2862 763 2901 mulier
785 2863 982 2913 serpenti:
1018 2863 1055 2902 A
1075 2863 1216 2902 fructu

418 2927 527 2977 ligni,
564 2929 676 2979 quod
709 2935 771 2968 est
804 2929 847 2967 in
880 2929 1086 2980 paradiso,
1122 2929 1215 2968 ede-

417 3006 525 3043 mus3
578 3008 613 3045 3.
644 2996 708 3034 De
746 2995 884 3034 fructu
921 3002 1063 3034 autem
1100 2995 1212 3046 ligni,

1292 408 1355 442 est
1374 415 1525 442 nomen
1546 403 1643 442 eius.
1702 416 1762 442 20.
1792 403 1848 442 Et
1868 409 1964 453 post
1983 401 2087 441 haec

1290 469 1458 508 vocavit
1503 469 1642 508 Adam
1688 469 1856 508 nomina
1901 468 2090 508 omnium

1289 548 1496 586 pecorum,
1523 542 1565 574 et
1593 535 1779 574 omnium
1805 536 1947 575 avium
1973 535 2087 584 coeli,

1290 607 1332 641 et
1376 602 1564 640 omnium
1608 602 1837 641 bestiarum
1881 602 1985 652 agri:
2045 607 2087 640 et

1290 668 1516 707 secundum
1539 667 1651 719 quod
1674 668 1842 707 vocavit
1865 681 1913 707 ea
1936 667 2087 716 Adam,

1290 733 1368 773 hoc
1386 740 1449 773 est
1469 747 1619 773 nomen
1641 747 1783 773 eorum
1801 747 1932 785 usque
1952 734 1996 772 in
2016 733 2089 773 ho-

1291 800 1479 839 diernum
1507 800 1627 840 diem.
1683 801 1769 851 Ipsi
1797 806 1940 840 autem
1968 800 2085 839 Adae

1290 867 1475 906 nondum
1523 867 1603 906 fuit
1651 866 1906 906 adiutorium
1955 867 2085 906 simile

1290 933 1359 972 illi.
1417 946 1478 972 21.
1508 933 1564 972 Et
1578 933 1750 973 immisit
1765 934 1879 972 Deus
1895 946 2087 984 soporem

1290 999 1333 1038 in
1350 999 1499 1048 Adam,
1520 1005 1562 1038 et
1581 999 1852 1039 obdormivit:
1887 1006 1930 1039 et
1949 1013 2088 1050 sump-

1290 1066 1344 1105 sit
1373 1066 1488 1105 Deus
1519 1079 1646 1105 unam
1677 1066 1727 1105 de
1757 1066 1882 1106 costis
1912 1066 2013 1115 eius,
2045 1071 2088 1105 et

1290 1132 1478 1183 implevit
1494 1132 1629 1171 locum
1644 1132 1730 1171 eius
1746 1145 1879 1172 031110.
1938 1146 1998 1172 22.
2032 1133 2088 1172 Et

1290 1198 1487 1237 formavit
1509 1199 1624 1237 Deus
1646 1204 1805 1237 costam
1827 1211 1954 1250 quam
1975 1211 2088 1238 acce-

1289 1265 1353 1315 pit
1400 1265 1453 1304 ab
1500 1265 1637 1304 Adam
1672 1265 1716 1304 in
1752 1265 1976 1304 mulierem.
2033 1265 2090 1304 Et

1289 1331 1464 1371 adduxit
1483 1331 1596 1370 illam
1615 1331 1670 1371 ad
1688 1331 1838 1380 Adam,
1860 1337 1908 1371 ut
1928 1332 2090 1371 videret

1290 1398 1391 1449 quid
1427 1411 1519 1437 eam
1556 1404 1736 1437 vocaret.
1795 1411 1856 1449 23.
1888 1399 1945 1437 Et
1984 1398 2090 1438 dixit

1277 1465 1442 1521 Adam:
1474 1465 1566 1504 Hoc
1585 1478 1694 1504 nunc
1712 1470 1775 1504 est
1793 1478 1839 1504 os
1858 1477 1906 1504 ex
1924 1465 2084 1504 ossibus

1288 1531 1402 1580 meis,
1427 1537 1470 1570 et
1494 1544 1588 1571 0310
1614 1531 1664 1571 de
1689 1544 1810 1571 carne
1835 1545 1945 1571 mea:
1984 1531 2089 1571 haec

1289 1598 1507 1637 vocabitur
1524 1598 1684 1647 mulier,
1706 1611 1788 1649 quo
1796 1598 1910 1637 niam
1929 1598 1980 1638 de
1999 1598 2089 1637 viro

1289 1678 1362 1704 suo
1410 1671 1579 1715 sumpta
1626 1670 1706 1704 est:
1769 1671 1811 1704 et
1857 1664 1960 1704 haec
2008 1665 2086 1704 erit

1288 1730 1670 1771 mihiadiutorium.
1729 1744 1789 1780 24.
1819 1732 1994 1782 Propter
2007 1731 2087 1771 hoc

1288 1798 1490 1849 relinquet
1507 1797 1632 1837 homo
1650 1803 1814 1849 patrem
1832 1804 1874 1837 et
1892 1804 2086 1847 matrem,

1289 1870 1331 1904 et
1350 1865 1597 1915 adiungetur
1616 1865 1731 1904 uxori
1754 1877 1869 1904 suae:
1904 1871 1946 1904 et
1967 1871 2088 1904 erunt

1289 1931 1370 1971 duo
1402 1931 1445 1970 in
1477 1944 1598 1971 carne
1630 1944 1726 1971 una.
1787 1943 1847 1982 25.
1880 1932 1936 1971 Et
1968 1937 2088 1971 erant

1287 1998 1411 2038 ambo
1438 1998 1551 2047 nudi,
1580 1999 1716 2038 Adam
1743 2004 1785 2037 et
1814 1998 1959 2038 mulier
1987 1998 2087 2047 eius,

1288 2071 1329 2104 et
1349 2078 1432 2104 non
1453 2065 1829 2105 confundebantur.

1576 2383 1751 2417 CHAPTER
1774 2395 1794 2426 3

1342 2477 1375 2503 1.
1407 2464 1579 2514 Serpens
1617 2469 1759 2503 autem
1797 2470 1885 2503 erat
1923 2464 2087 2515 sapien-

1285 2530 1365 2569 tior
1426 2530 1612 2569 omnium
1674 2530 1914 2579 bestiarum,
1979 2543 2085 2581 quae

1286 2603 1402 2636 erant
1436 2610 1557 2647 super
1590 2604 1758 2646 terram,
1794 2610 1897 2648 quas
1929 2597 2083 2636 fecerat

1286 2663 1490 2702 Dominus
1521 2664 1647 2703 Deus.
1704 2664 1760 2703 Et
1789 2664 1891 2703 dixit
1919 2676 2085 2714 serpens

1285 2730 1339 2769 ad
1358 2730 1586 2769 mulierem:
1620 2730 1756 2780 Quare
1776 2730 1878 2769 ‹sm't
1898 2730 2014 2768 Deus
2034 2743 2085 2768 ne

1285 2796 1417 2835 edatis
1460 2796 1513 2836 ab
1556 2797 1668 2836 omni
1710 2797 1820 2847 ligno
1863 2796 1975 2847 quod
2017 2802 2080 2835 est

1284 2863 1327 2901 in
1360 2863 1583 2914 paradiso?
1642 2877 1675 2902 2.
1706 2864 1761 2902 Et
1797 2863 1900 2902 dixit
1934 2863 2079 2902 mulier

1286 2930 1339 2969 ad
1390 2936 1640 2980 serpentem:
1707 2944 1754 2969 ex
1805 2929 1918 2969 omni
1969 2929 2081 2980 ligno

1284 2996 1397 3047 quod
1447 3003 1509 3036 est
1560 2997 1602 3035 in
1653 2996 1844 3047 paradiso
1896 2996 2078 3045 edemus,
