2309 3583
454 290 504 333 52
682 290 713 320 A
743 289 892 320 STUDY
921 290 978 320 OF
1007 278 1316 321 AUGUSTINE’S
1346 291 1572 321 VERSIONS
1603 291 1661 322 OF
1691 291 1887 322 GENESIS

453 404 748 443 Testamentum
774 416 906 444 meum
932 404 1098 453 custodi,
1126 409 1169 444 tu
1196 409 1230 444 et
1256 418 1388 444 semen
1414 409 1541 454 tuum,
1569 405 1672 456 quod
1698 405 1771 444 erit
1797 409 1885 456 post
1911 409 1958 444 te.
2070 417 2118 443 10

452 470 537 510 and
562 483 622 509 11.
654 470 758 509 Con.
779 471 916 510 Adjm.
942 473 1007 510 16:
1044 471 1132 510 Hoc
1155 475 1210 510 est
1232 475 1506 511 testamentum
1528 485 1673 520 meum,
1697 471 1800 523 quod
1822 471 1993 510 servabis
2015 470 2120 509 inter

451 549 512 575 me
531 540 566 576 et
583 541 618 575 te
637 541 671 576 et
689 549 821 576 semen
839 542 972 584 tuum;
1003 551 1117 577 omne
1135 537 1420 587 masculinum,
1439 538 1696 578 circumcides
1713 538 1760 577 in
1777 551 1895 577 carne
1913 536 2120 588 praeputii

450 601 651 653 ipsorum;
691 608 726 642 et
751 603 804 642 sit
829 603 899 643 hoc
924 604 1085 654 signum
1111 608 1383 643 testamentum
1408 604 1510 643 inter
1536 617 1596 643 me
1622 608 1656 643 et
1682 617 1758 643 vos.
1871 617 1930 643 12.
1958 604 2055 642 Loc.
2080 615 2118 642 1:

452 670 519 719 56:
563 675 659 720 part
689 670 732 708 of
769 683 885 709 verse
924 670 1080 720 quoted
1116 670 1295 709 without
1333 670 1501 720 change.
1559 670 1662 710 Con.
1694 670 1830 709 Adim.
1868 672 1931 709 16:
1975 670 2119 709 Octava

450 740 581 775 autem
595 736 660 775 die
675 736 961 776 circumcidetis
978 749 1111 775 omnes
1127 736 1324 776 masculos
1339 737 1385 775 in
1400 741 1508 787 gente
1524 741 1659 785 vestra,
1676 741 1720 776 ut
1736 737 1855 776 etiam
1870 735 2119 775 dominatum

450 806 485 841 et
521 807 794 853 comparatum
830 803 1124 843 circumcidatis
1163 807 1316 853 praeter
1353 803 1632 854 alienigenam.
1745 816 1806 853 13.
1837 803 1941 842 Con.
1979 801 2118 841 Adim.

454 870 519 908 16:
564 870 617 908 Et
648 869 717 908 hoc
749 869 821 908 erit
859 874 1132 909 testamentum
1171 869 1218 908 in
1256 873 1365 920 gente
1404 874 1539 908 vestra.
1652 883 1711 917 14.
1743 869 1846 908 Con.
1879 869 2016 908 Adim.
2054 870 2119 907 16:

450 936 503 974 Et
524 935 654 975 omnis
675 935 876 976 masculus
898 936 968 987 qui
990 949 1071 975 non
1093 935 1341 976 circumcidet
1363 935 1620 986 praeputium
1642 949 1773 984 suum,
1789 936 1920 986 perdet
1938 935 2119 974 animam

449 1014 566 1041 suam
580 1002 627 1041 de
641 1002 772 1041 media
786 1002 906 1052 plebe,
922 1002 1019 1053 quia
1033 1006 1305 1042 testamentum
1319 1015 1451 1041 meum
1468 1002 1656 1041 dissolvit.
1713 1003 1777 1040 De
1796 1002 1839 1041 N
1841 1007 1930 1052 upt.
1951 1007 1994 1041 et
2013 1001 2118 1041 Con.

453 1081 572 1107 2:11:
606 1068 819 1108 Masculus
844 1068 914 1119 qui
939 1081 1020 1108 non
1045 1068 1344 1108 circumcidetur
1369 1081 1526 1107 carnem
1552 1068 1757 1118 praeputii
1789 1068 1856 1107 sui
1888 1072 2015 1107 octavo
2040 1067 2118 1116 die,

450 1134 638 1185 disperiet
668 1135 808 1174 anima
838 1135 925 1174 eius
955 1135 1002 1174 de
1031 1148 1167 1185 genere
1197 1148 1269 1174 suo
1300 1134 1396 1185 quia
1426 1138 1700 1174 testamentum
1730 1147 1862 1174 meum
1892 1133 2118 1184 dissipavit.

453 1200 555 1240 Con.
581 1202 662 1251 Jul.
689 1203 783 1251 6:72
822 1200 974 1240 Peribit
998 1200 1138 1240 anima
1162 1201 1248 1240 eius
1272 1201 1319 1239 de
1343 1200 1491 1251 populo
1515 1213 1600 1240 suo.
1713 1203 1772 1240 16.
1802 1201 1971 1250 Quaest.
2001 1213 2119 1250 1:32:

449 1268 503 1306 Et
520 1280 624 1318 reges
641 1268 817 1318 gentium
835 1281 881 1306 ex
898 1266 967 1306 illo
986 1271 1111 1306 erunt.
1168 1268 1234 1306 De
1257 1266 1335 1306 civ.
1364 1269 1490 1306 16:28
1513 1268 1632 1306 reads
1653 1267 1779 1307 Sarra
1801 1267 1864 1306 for
1886 1280 1944 1306 ea.
2056 1278 2117 1317 17.

450 1334 546 1373 Loc.
579 1346 696 1385 1:57:
737 1335 791 1373 Et
817 1333 987 1384 procidit
1013 1334 1166 1372 Abram
1192 1333 1239 1373 in
1258 1333 1410 1384 faciem
1437 1338 1471 1372 et
1498 1333 1601 1373 dixit
1628 1333 1674 1372 in
1702 1333 1839 1373 animo
1867 1346 1939 1373 suo
1968 1333 2117 1382 dicens,

451 1406 529 1440 etc.
585 1401 650 1439 De
669 1400 748 1440 civ.
775 1402 918 1450 16:32:
953 1400 1002 1440 Si
1022 1400 1124 1439 mihi
1144 1413 1343 1440 annorum
1363 1404 1518 1440 centum
1538 1404 1721 1440 nascetur
1732 1400 1865 1451 filius,
1887 1406 1966 1439 etc.

1160 1487 1335 1521 CHAPTER
1348 1526 1351 1528 ,
1361 1489 1401 1520 18

532 1569 566 1594 1.
596 1555 699 1595 Con.
724 1555 839 1594 Max.
867 1557 986 1594 2:26:
1031 1555 1153 1595 Visus
1178 1560 1233 1594 est
1258 1560 1388 1595 autem
1412 1555 1476 1594 illi
1500 1556 1610 1595 Deus
1635 1555 1688 1595 ad
1711 1568 1895 1607 quercum
1919 1555 2116 1595 Mambre.

452 1635 487 1661 2.
517 1623 581 1661 De
596 1622 709 1661 Trin.
730 1635 851 1672 3:11:
882 1622 1115 1672 Respiciens
1135 1626 1280 1670 autem,
1301 1628 1379 1661 etc.
1437 1623 1501 1661 De
1522 1622 1600 1661 civ.
1626 1624 1752 1672 16:29
1773 1622 1892 1661 reads
1910 1622 1983 1661 the
2004 1634 2117 1661 same

450 1702 495 1728 as
520 1694 609 1728 text
633 1689 740 1728 from
765 1693 799 1728 et
824 1702 905 1728 ecce
930 1702 997 1737 on,
1024 1694 1170 1739 except
1195 1689 1291 1727 that
1317 1689 1350 1727 it
1376 1688 1451 1728 has
1476 1689 1548 1727 the
1574 1689 1681 1728 form
1706 1689 1966 1739 procucurrit.
2077 1701 2115 1738 3.

450 1755 618 1805 Quaest.
653 1769 751 1806 1:33
790 1768 902 1794 same
939 1769 984 1794 as
1022 1761 1125 1794 text.
1183 1755 1248 1795 Cf.
1280 1756 1345 1794 De
1374 1755 1454 1794 clv.
1490 1757 1633 1805 16:29:
1740 1769 1778 1803 4.
1810 1755 1981 1805 Quaest.
2017 1768 2117 1806 1:34

449 1834 562 1861 same
584 1835 630 1861 as
652 1827 743 1861 text
766 1827 911 1872 except
934 1822 1060 1861 omits
1081 1835 1203 1870 nunc,
1228 1821 1312 1861 and
1334 1821 1409 1861 has
1432 1821 1559 1861 lavent
1582 1821 1746 1861 instead
1769 1822 1812 1861 of
1834 1822 1969 1861 lavem.
2080 1833 2115 1872 5.

450 1888 618 1938 Quaest.
648 1901 749 1939 1:34
773 1894 921 1939 quotes
944 1894 1041 1939 part
1064 1888 1107 1927 of
1131 1888 1203 1927 the
1227 1901 1355 1927 verse.
1454 1902 1514 1927 11.
1544 1888 1713 1938 Quaest.
1743 1902 1759 1927 1
1774 1900 1841 1939 :35
1867 1888 1992 1927 omits
2016 1888 2115 1928 suis.

449 1955 545 1994 Loc.
576 1957 676 1994 1:60
701 1961 849 2006 quotes
874 1955 964 1994 first
988 1960 1086 2005 part
1111 1955 1154 1994 of
1179 1954 1251 1994 the
1276 1968 1392 1994 verse
1417 1955 1490 1994 the
1516 1968 1628 1994 same
1653 1954 1754 1994 with
1779 1955 1864 1994 this
1889 1961 2117 1994 comment:

449 2021 563 2072 Quod
585 2021 715 2072 graeci
738 2021 878 2060 liabent
902 2021 1099 2072 progressi
1123 2021 1291 2061 dierum.
1405 2035 1465 2072 13.
1496 2021 1599 2060 Con.
1627 2021 1742 2060 Max.
1773 2024 1873 2060 2:26
1898 2027 2047 2072 quotes
2071 2035 2117 2061 as

450 2088 513 2127 far
540 2101 586 2127 as
612 2088 759 2136 dicens,
788 2088 866 2127 but
895 2088 1017 2138 spells
1047 2089 1154 2127 Sara
1181 2088 1282 2127 with
1310 2102 1335 2127 a
1363 2088 1490 2138 single
1518 2101 1550 2127 r.
1661 2101 1722 2127 20.
1752 2088 2020 2127 Enchiridjon
2048 2090 2117 2127 80:

449 2154 610 2194 Clamor
644 2155 906 2194 Sodomorum
943 2159 977 2193 et
1013 2154 1367 2194 Gomorrhaeorum
1403 2154 1694 2205 multiplicatus
1730 2159 1798 2194 est.
1856 2154 1959 2194 Con.
1998 2155 2114 2194 Max.

451 2223 570 2260 2:26:
620 2221 781 2261 Clamor
815 2221 1078 2261 Sodomorum
1114 2226 1148 2260 et
1183 2221 1421 2260 Gomorrhae
1456 2221 1747 2272 multiplicatus
1783 2226 1851 2270 est,
1889 2226 1923 2260 et
1959 2226 2117 2272 peccata

449 2301 583 2328 eorum
602 2301 748 2338 magna
767 2288 888 2327 valde.
1001 2301 1061 2327 21.
1093 2288 1196 2327 Con.
1220 2288 1335 2327 Max,
1361 2290 1461 2327 2:26
1482 2288 1557 2327 has
1580 2288 1649 2327 the
1669 2288 1806 2327 active
1826 2292 2114 2328 consummant.
2161 2322 2164 2326 ,

449 2368 513 2405 32.
543 2355 712 2404 Quaest.
737 2369 753 2393 1
767 2368 837 2402 :40
857 2354 970 2404 gives
989 2354 1061 2393 the
1081 2355 1302 2394 substance
1317 2355 1360 2393 of
1383 2354 1451 2393 the
1471 2368 1603 2394 verse:
1637 2355 1675 2393 si
1693 2355 1823 2394 decem
1841 2354 1900 2394 ibi
1918 2354 2114 2404 invenero,

449 2428 612 2472 parcam
635 2421 842 2460 universae
866 2421 1027 2460 civitati.
1137 2435 1200 2471 33.
1230 2422 1296 2460 De
1318 2421 1432 2460 Trin.
1464 2434 1582 2460 2:12:
1618 2421 1732 2461 Abiit
1757 2426 1888 2461 autem
1913 2421 2115 2461 Dominus

448 2492 655 2539 postquam
678 2487 839 2527 cessavit
862 2488 1023 2539 loquens
1047 2488 1099 2527 ad
1122 2488 1326 2527 Abraham
1350 2493 1384 2527 et
1407 2488 1612 2527 Abraham
1636 2501 1808 2528 reversus
1833 2493 1888 2528 est
1911 2489 1963 2528 ad
1986 2488 2115 2528 locum

449 2567 580 2595 Suum.

1163 2608 1337 2641 CHAPTER
1364 2619 1403 2649 19

531 2691 564 2716 1.
594 2677 658 2716 De
688 2677 801 2715 Trin.
836 2689 954 2715 2:12:
1003 2677 1203 2716 Venerunt
1232 2681 1363 2716 autem
1391 2677 1469 2716 duo
1499 2677 1631 2727 angeli
1659 2677 1705 2716 in
1734 2677 1918 2717 Sodomis
1946 2683 2112 2728 vespere.

449 2743 547 2782 Loth
565 2748 696 2783 autem
714 2743 867 2782 sedebat
886 2743 937 2782 ad
956 2747 1111 2793 portam
1128 2743 1402 2783 Sodomorum.
1458 2745 1510 2782 Et
1528 2757 1618 2783 cum
1637 2744 1795 2783 vidisset
1814 2757 1877 2783 eos
1896 2744 2007 2792 Loth,
2027 2757 2115 2783 sur-

448 2810 548 2848 rexit
572 2810 619 2849 in
645 2810 796 2849 obviam
822 2809 907 2848 illis
934 2814 968 2848 et
995 2810 1170 2849 adoravit
1195 2809 1242 2848 in
1260 2810 1410 2860 faciem
1436 2816 1556 2861 super
1583 2815 1737 2849 terram.
1794 2810 1962 2860 Quaest.
1996 2823 2114 2858 1:41:

448 2876 501 2915 Et
518 2876 693 2915 adoravit
708 2876 755 2915 in
764 2876 927 2927 faciem.
1039 2889 1073 2915 2.
1103 2877 1169 2914 De
1186 2876 1264 2915 civ.
1288 2879 1413 2927 16:29
1431 2877 1506 2915 has
1523 2877 1714 2916 declinate
1731 2877 1894 2916 instead
1922 2876 1964 2915 of
1991 2876 2114 2916 diver-

449 2942 527 2981 tite.
636 2945 671 2981 8.
701 2943 870 2992 Quaest.
916 2956 1013 2991 1:42
1054 2942 1172 2982 reads
1209 2948 1399 2982 noverunt
1435 2943 1537 2982 viros
1575 2944 1638 2982 for
1676 2947 1931 2994 cognoverunt
1968 2943 2115 2989 virum;

450 3009 536 3048 also
553 3009 637 3048 illis
656 3009 718 3048 for
736 3010 806 3058 eis,
826 3010 909 3049 and
927 3010 1052 3048 omits
1070 3014 1104 3048 et
1122 3009 1229 3048 after
1246 3022 1322 3048 vos.
1435 3022 1495 3059 17.
1526 3011 1591 3049 De
1608 3010 1721 3049 Trin.
1747 3023 1863 3048 1:12:
1895 3010 1948 3048 Et
1956 3010 2114 3060 sactum
