2309 3583
451 281 505 322 54
681 278 712 309 Α
743 278 892 309 STUDY
915 253 979 309 'OF
1008 266 1318 310 AUGUSTINE'S
1347 279 1576 311 VERSIONS
1606 280 1664 311 OF
1694 280 1889 312 GENESIS

446 393 628 432 secundo.
741 394 801 432 16.
830 393 932 432 Two
957 398 1080 444 types
1112 393 1156 432 of
1191 394 1398 444 readings:
1440 394 1473 433 F
1475 394 1563 444 irst,
1590 394 1686 434 that
1711 395 1920 446 following
1946 395 2012 434 De
2038 394 2117 435 civ.

451 461 516 498 16:
526 472 591 509 32,
610 472 656 498 as
674 459 739 498 De
757 459 872 499 Trin.
892 473 1013 510 3:11:
1045 461 1125 499 Per
1142 473 1203 499 me
1219 460 1353 500 iuravi
1369 460 1467 500 dicit
1483 461 1699 511 Dominus,
1718 467 1791 512 pro
1809 475 1852 501 eo
1869 461 1972 513 quod
1981 461 2120 512 jecisti

448 525 518 564 hoc
543 525 712 575 verbum,
741 532 840 565 etc.:
877 527 942 565 De
969 527 1076 566 unit.
1101 527 1242 566 eccles.
1271 529 1362 566 1:62
1399 528 1478 567 Per
1504 531 1642 567 memet
1663 527 1813 578 ipsum,
1838 533 1935 577 etc.;
1973 533 2119 578 except

448 591 543 630 that
554 592 589 631 it
600 592 719 632 reads
732 593 1009 632 amantissimo
1023 593 1086 632 for
1102 593 1253 633 dilecto,
1311 593 1376 634 Cf.
1394 594 1492 634 Loc.
1515 606 1632 644 1:71;
1664 593 1834 645 Quaest.
1857 608 1896 633 1:
1909 606 1970 646 59.
2027 594 2119 634 Sec-

446 658 544 707 ond,
563 659 704 699 Sermo
724 672 798 710 129
809 673 816 698 :
827 673 869 708 4:
899 660 1012 699 Dicit
1027 660 1247 700 Dominus:
1279 661 1358 700 Per
1374 665 1512 700 memet
1528 660 1666 712 ipsum
1681 659 1786 710 iuro,
1804 661 1902 712 quia
1918 660 2120 701 obaudisti

446 738 573 764 vocem
600 739 741 775 meam,
766 732 864 775 etc.;
902 732 1048 778 except
1072 727 1144 766 the
1167 727 1287 766 order
1309 727 1353 766 of
1379 727 1452 766 the
1474 727 1622 776 words,
1646 727 1784 767 dilecto
1807 732 1874 768 tuo
1888 727 1994 779 filio.
2051 727 2116 767 Cf.

447 792 594 831 Enarr.
614 792 656 831 in
676 793 742 832 Ps.
763 806 832 843 30:
846 806 880 842 2,
898 807 934 844 9.
1047 805 1107 843 17.
1138 794 1280 833 Sermo
1298 806 1443 844 12914:
1472 793 1571 833 Nisi
1585 794 1814 833 benedicens
1829 793 2055 834 benedicam
2070 798 2117 842 te,

446 863 481 898 et
501 859 704 910 implendo
724 859 894 911 implebo
915 873 1048 899 semen
1068 864 1183 900 tuum
1204 860 1307 900 sicut
1327 860 1459 899 stellas
1481 860 1591 909 coeli,
1614 865 1649 900 et
1669 861 1773 900 sicut
1793 874 1958 900 arenam
1979 860 2117 900 maris.

447 926 589 966 Sermo
623 938 751 977 307:2
787 927 907 966 reads
935 927 1006 966 the
1034 940 1160 975 same,
1190 927 1386 977 omitting
1412 927 1627 978 implendo.
1685 928 1827 967 Sermo
1857 939 1950 978 2:7:
1993 927 2116 967 Facio

446 1005 578 1032 semen
602 997 716 1033 tuum
740 993 843 1033 sicut
867 993 999 1032 stellas
1024 993 1122 1032 coeli
1146 997 1181 1032 et
1206 1006 1370 1032 arenam
1395 993 1539 1040 maris,·
1578 998 1613 1033 et
1638 993 1824 1033 obtinebit
1848 1007 1980 1033 semen
2005 998 2120 1033 tuum

446 1059 620 1099 civitates
648 1060 975 1100 adversariorum.
1031 1061 1096 1099 De
1114 1060 1220 1099 unit.
1240 1060 1380 1099 eccles.
1406 1062 1497 1099 1:62
1529 1060 1629 1100 Nisi
1646 1060 1875 1100 benedicens
1893 1061 2119 1100 benedicam

445 1130 480 1165 te
494 1131 528 1166 et
541 1127 743 1178 implendo
756 1127 926 1177 implebo
941 1139 1072 1166 semen
1086 1131 1200 1166 tuum
1215 1131 1417 1177 tamquam
1431 1126 1563 1166 stellas
1578 1127 1675 1166 coeli
1689 1131 1724 1166 et
1737 1131 1941 1178 tamquam
1955 1140 2119 1166 arenam

446 1207 546 1244 quae
574 1206 685 1233 secus
715 1206 825 1232 oram
854 1193 980 1233 maris
1010 1198 1077 1243 est,
1102 1198 1136 1232 et
1158 1193 1367 1232 hereditate
1397 1193 1612 1244 possidebit
1641 1206 1774 1233 semen
1803 1198 1917 1233 tuum
1946 1193 2120 1233 civitates

449 1260 776 1299 adversariorum.
833 1261 969 1311 Many
994 1260 1263 1310 adaptations
1289 1273 1423 1299 occur.
1481 1260 1546 1299 Cf.
1575 1260 1716 1300 Sermo
1741 1260 1807 1300 ad.
1838 1260 1956 1300 Caes.
1976 1261 2118 1300 eccles.

447 1327 628 1377 plebem:
664 1327 734 1366 Sic
757 1326 829 1366 erit
857 1339 988 1366 semen
1020 1331 1133 1366 tuum
1165 1331 1367 1377 tamquam
1398 1326 1530 1366 stellae
1561 1327 1658 1366 coeli
1687 1331 1722 1366 et
1748 1327 1851 1367 sicut
1877 1340 2000 1366 arena
2021 1340 2120 1378 quae

449 1398 504 1433 est
528 1394 580 1432 ad
603 1393 758 1433 labrum
782 1393 921 1432 maris.
977 1393 1120 1433 Sermo
1145 1395 1213 1432 88:
1228 1407 1292 1444 19;
1320 1393 1423 1433 Con.
1451 1393 1587 1433 Cresc.
1613 1396 1731 1444 3:63,
1756 1393 1891 1433 where
1915 1406 2015 1445 quae
2039 1406 2120 1433 non

449 1464 572 1511 potest
602 1460 853 1500 dinumerari
884 1460 918 1499 is
950 1460 1022 1499 the
1054 1461 1161 1499 close
1186 1460 1229 1499 os
1261 1460 1333 1499 the
1357 1473 1491 1509 verse;
1531 1460 1653 1511 Oper.
1680 1460 1824 1511 imper.
1851 1473 1941 1500 con.
1968 1461 2050 1511 Jul.
2077 1463 2119 1500 6:

451 1529 513 1575 26,
547 1532 626 1566 etc.
738 1529 798 1566 18.
828 1527 861 1565 F
863 1527 938 1566 irst
962 1532 1059 1578 part
1084 1526 1127 1565 of
1152 1526 1224 1566 the
1250 1540 1366 1566 verse
1391 1526 1426 1566 is
1452 1527 1609 1578 quoted
1634 1527 1886 1578 frequently,
1912 1527 2120 1578 generally

448 1594 490 1632 in
519 1593 603 1633 this
631 1594 767 1633 order:
809 1594 865 1633 In
892 1593 1041 1633 semine
1069 1598 1135 1633 tuo
1164 1593 1437 1633 benedicentur
1465 1606 1598 1633 omnes
1626 1598 1755 1644 gentes
1783 1598 1919 1633 terrae.
1978 1594 2120 1634 Sermo

451 1673 470 1699 2
483 1673 491 1699 z
504 1672 524 1710 7
541 1660 660 1700 reads
675 1673 718 1700 eo
733 1660 835 1711 quod
851 1660 1051 1700 exaudisti
1065 1673 1191 1700 vocem
1206 1673 1347 1700 meam.

1164 1770 1339 1804 CHAPTER
1365 1781 1381 1803 2
1385 1781 1404 1811 3

526 1852 563 1890 3.
592 1839 689 1878 Loc.
721 1850 839 1889 1:74:
879 1839 931 1879 Et
960 1838 1131 1879 surrexit
1164 1839 1369 1879 Abraham
1404 1852 1428 1878 a
1461 1843 1613 1879 mortuo
1639 1852 1724 1879 suo.
1782 1839 1846 1879 Cf.
1874 1839 1971 1879 Loc.
2004 1851 2118 1889 2:71,

445 1906 621 1957 Surgens
650 1906 855 1945 Abraham
886 1919 911 1945 a
940 1910 1092 1946 mortuo
1122 1919 1207 1946 suo.
1316 1906 1487 1956 Quaest.
1522 1917 1641 1957 7:49:
1685 1906 1862 1957 Surgens
1893 1919 1919 1946 a
1948 1910 2113 1946 mortuo.

450 1985 485 2023 7.
515 1973 683 2023 Quaest.
714 1975 831 2012 1:61:
869 1973 1098 2023 Exsurgens
1123 1977 1254 2013 autem
1277 1972 1483 2012 Abraham
1507 1972 1683 2012 adoravit
1707 1973 1903 2024 populum
1927 1977 2063 2013 terrae.

1167 2082 1341 2115 CHAPTER
1367 2093 1408 2122 24

529 2164 563 2190 2.
593 2150 658 2191 Cf.
684 2150 787 2191 Con.
813 2151 899 2191 Sec.
927 2164 992 2201 23:
1020 2151 1131 2190 Pone
1153 2164 1320 2191 manum
1341 2151 1414 2191 sub
1428 2151 1580 2202 femore
1602 2164 1700 2200 meo,
1724 2155 1758 2191 et
1780 2151 1875 2191 iura
1897 2157 1968 2202 per
1986 2151 2118 2191 Deum

445 2217 557 2258 caeli.
665 2231 703 2268 3.
731 2218 828 2257 Loc.
875 2229 991 2268 1:75:
1046 2218 1098 2257 Et
1139 2217 1331 2257 adiurabo
1372 2222 1406 2256 te
1446 2223 1516 2268 per
1556 2217 1792 2265 Dominum,
1835 2223 1914 2257 etc.
1971 2217 2114 2258 Graeci

446 2298 527 2324 non
553 2284 693 2324 habent
720 2283 859 2335 “per'’
886 2284 953 2323 sed
981 2283 1207 2324 “adiurabo
1233 2288 1266 2323 te
1291 2283 1543 2324 dominum.''
1600 2283 1665 2324 Cf.
1694 2284 1864 2334 Quaest.
1897 2286 2010 2324 1:62.

1163 2393 1338 2427 CHAPTER
1364 2404 1403 2436 25

531 2477 564 2503 1.
594 2463 763 2514 Quaest.
791 2475 891 2513 1:70
914 2463 1038 2502 omits
1061 2463 1139 2503 cui.
1250 2475 1285 2514 5.
1316 2464 1381 2502 De
1404 2464 1496 2502 Pat.
1525 2465 1572 2502 28
1604 2463 1723 2503 reads
1746 2463 1818 2503 the
1841 2476 1955 2503 same
1979 2476 2024 2502 as
2047 2463 2119 2503 the

448 2536 550 2570 text.
715 2532 750 2569 6.
780 2530 877 2570 Loc.
907 2532 1027 2580 4:58:
1064 2529 1185 2569 Dedit
1211 2530 1418 2570 Abraham
1442 2530 1536 2570 data
1551 2529 1660 2581 filiis
1685 2529 1785 2570 suis.
1849 2531 1914 2569 De
1943 2531 2037 2570 Pat.
2071 2532 2119 2570 28

446 2596 567 2637 reads
586 2610 753 2637 munera
772 2596 836 2636 for
854 2596 1046 2636 dationes.
1160 2609 1220 2647 13.
1250 2596 1421 2647 Quaest.
1447 2608 1542 2647 1:71
1560 2597 1719 2637 follows
1740 2601 1842 2636 text.
1956 2609 2017 2636 22.
2050 2596 2117 2636 Cf.

448 2664 591 2704 Sermo
623 2674 719 2714 5:4:
756 2663 865 2715 Quid
896 2663 998 2702 mihi
1030 2662 1119 2702 sic?
1163 2662 1319 2703 Melius
1351 2663 1454 2702 mihi
1482 2667 1564 2703 erat
1595 2662 1798 2713 sterilitas,
1828 2676 1948 2714 quam
1977 2666 2023 2703 ut
2050 2662 2120 2702 hoc

447 2735 611 2781 paterer.
724 2743 784 2780 23.
815 2730 986 2780 Quaest.
1021 2741 1137 2780 1:73,
1166 2742 1279 2769 same
1307 2742 1353 2769 as
1383 2736 1484 2770 text.
1541 2731 1592 2769 In
1619 2731 1737 2770 Ioan.
1759 2742 1906 2780 evang.
1932 2741 1997 2768 11:
2025 2729 2118 2770 Duo

448 2796 594 2848 populi
611 2796 658 2836 in
674 2800 784 2837 utero
806 2808 897 2844 suo;
923 2795 1007 2836 and
1026 2796 1114 2836 also
1134 2797 1281 2836 Enarr.
1301 2796 1344 2835 in
1365 2797 1432 2836 Ps.
1454 2798 1524 2845 46:
1538 2798 1575 2845 6,
1604 2796 1710 2836 both
1730 2796 1773 2836 of
1792 2795 1926 2836 which
1945 2808 2015 2835 are
2033 2795 2119 2835 evi-

448 2863 594 2914 dently
619 2863 905 2914 adaptations.
970 2863 1073 2902 Last
1095 2862 1248 2911 clause,
1272 2866 1306 2902 et
1327 2863 1457 2902 maior
1478 2863 1614 2903 serviet
1635 2862 1797 2912 minori,
1823 2862 1858 2902 is
1880 2862 2119 2913 frequently

450 2930 620 2980 quoted.
734 2942 795 2980 27.
826 2931 973 2969 Enarr.
1002 2929 1045 2969 in
1066 2930 1134 2969 Ps.
1155 2941 1306 2978 44:20:
1343 2930 1396 2968 Et
1415 2934 1497 2969 erat
1514 2930 1636 2970 Iacob
1655 2929 1743 2969 sine
1761 2928 1849 2969 dolo
1869 2928 2053 2969 habitans
2072 2929 2119 2968 in

449 2996 575 3036 domo.
639 2996 809 3047 Quaest.
843 3008 945 3047 1:74
970 2995 1046 3036 has
1071 2995 1155 3036 this
1180 3002 1410 3036 comment:
1446 2996 1618 3047 Proprie
1642 3000 1773 3036 autem
1810 2993 2005 3034 ἄπλαστος
2037 3008 2119 3035 non
