2309 3583
882 276 974 306 THE
1004 276 1124 306 TEXT
1784 280 1836 320 29

179 397 234 431 te.
289 393 325 430 6.
355 391 411 429 Et
432 402 607 439 augeam
629 395 671 429 te
694 388 818 429 valde
840 389 961 429 valde
984 395 1025 428 et
1048 402 1204 439 ponam
1226 395 1268 428 te
1290 389 1333 428 in
1358 396 1514 439 gentes,
1536 397 1577 429 ct
1597 404 1710 441 reges
1729 404 1777 430 ex
1796 397 1838 430 te

179 456 362 496 exibunt.
420 467 455 506 7.
484 456 541 495 Et
564 461 751 495 statuam
772 461 1073 494 testamentum
1095 468 1233 494 meum
1254 454 1362 494 inter
1386 469 1451 494 me
1480 463 1522 495 ct
1553 455 1695 506 (inter)
1727 463 1768 496 te
1797 463 1839 496 et

177 522 286 562 inter
307 535 444 561 semen
465 527 587 560 tuum
606 527 703 572 post
724 527 766 560 te
787 520 831 560 in
853 520 1138 571 generationes
1159 534 1301 560 eorum
1322 521 1366 560 in
1387 527 1689 562 testamentum
1710 529 1840 563 aeter-

180 601 293 637 num,
314 594 362 627 ut
380 587 458 627 sim
476 587 554 627 tibi
573 589 688 627 Deus
707 594 749 627 et
769 587 914 627 semini
934 593 1009 627 tuo
1027 593 1123 638 post
1142 593 1197 627 te.
1255 590 1290 627 8.
1321 588 1378 627 Et
1403 588 1511 627 dabo
1532 588 1613 628 tibi
1634 595 1676 628 et
1696 589 1840 629 semini

180 661 255 694 tuo
268 660 364 705 post
378 660 420 694 te
435 660 603 703 terram,
617 653 661 693 in
677 667 760 705 qua
774 654 909 693 incola
925 667 980 701 es,
996 667 1161 693 omnem
1175 660 1331 693 terram
1348 654 1549 694 Chanaan
1564 654 1607 693 in
1622 655 1842 706 possessio-

181 734 276 761 nem
301 726 525 770 aeternam,
551 726 594 760 et
621 733 688 760 ero
714 720 795 760 illis
820 721 948 760 Deus.
1005 734 1041 771 9.
1071 721 1128 760 Et
1154 719 1259 760 dixit
1285 721 1400 760 Deus
1426 721 1481 760 ad
1507 721 1737 761 Abraham:
1777 723 1843 761 Tu

180 793 323 827 autem
344 793 644 827 testamentum
667 800 805 826 meum
828 786 1103 836 conservabis,
1132 785 1214 836 (tu)
1241 793 1283 826 et
1307 800 1446 826 semen
1470 793 1592 826 tuum
1615 794 1711 838 post
1735 794 1776 827 te
1799 787 1843 827 in

180 852 394 905 progenies
422 867 529 893 suas.
588 867 648 893 10.
677 854 734 893 Et
761 853 839 893 hoc
868 859 930 893 est
958 859 1272 903 testamentum,
1302 853 1415 904 quod
1443 853 1708 893 conservabis
1735 854 1844 893 inter

182 933 248 959 me
264 926 306 959 et
322 933 397 959 vos
414 926 455 959 et
471 919 580 959 inter
597 933 734 959 semen
755 926 872 960 tuum
887 926 983 971 post
1000 926 1042 959 te
1058 919 1102 958 in
1119 919 1403 970 generationes
1421 933 1533 959 suas:
1569 919 1845 960 Circumcide-

182 992 252 1026 tur
276 992 462 1026 vestrum
489 1000 610 1026 omne
637 985 924 1035 masculinum,
984 1000 1043 1025 11.
1073 987 1129 1025 Et
1157 985 1505 1026 circumcidemini
1533 999 1702 1026 carnem
1728 1000 1845 1038 prae-

182 1051 290 1104 putii
315 1052 455 1102 vestri,
482 1059 524 1092 et
550 1053 626 1092 erit
650 1053 694 1092 in
721 1052 836 1103 signo
862 1053 1103 1092 testamenti
1128 1052 1236 1092 inter
1262 1066 1328 1092 me
1354 1059 1396 1092 et
1422 1066 1510 1102 vos,
1571 1066 1631 1093 12.
1663 1054 1719 1093 Et
1744 1067 1846 1105 puer

184 1124 279 1158 octo
313 1119 473 1159 dierum
507 1119 836 1169 circumcidetur,
871 1125 1058 1159 vestrum
1092 1132 1213 1158 omne
1248 1119 1522 1158 masculinum
1555 1119 1598 1158 in
1633 1120 1848 1170 progenies

184 1191 356 1225 vestras.
411 1186 665 1226 Vernaculus
690 1192 732 1225 et
757 1186 976 1237 empticius
1001 1186 1054 1225 ab
1080 1186 1193 1225 omni
1219 1185 1302 1225 filio
1328 1185 1476 1233 alieno,
1503 1185 1575 1236 qui
1600 1199 1683 1225 non
1709 1192 1771 1226 est
1797 1187 1848 1226 de

184 1252 338 1292 semine
366 1258 452 1292 tuo.
513 1266 573 1303 13.
605 1252 925 1292 Circumcisione
954 1252 1270 1292 circumcidetur
1298 1253 1545 1292 vernaculus
1574 1253 1722 1292 domus
1749 1259 1849 1292 tuae

185 1324 228 1358 et
245 1319 476 1369 empticius.
531 1320 587 1358 Et
605 1319 683 1359 erit
700 1325 1001 1358 testamentum
1018 1332 1157 1358 meum
1173 1319 1217 1358 in
1234 1332 1355 1358 carne
1373 1324 1513 1358 vestra
1531 1318 1574 1358 in
1593 1325 1849 1359 testamento

185 1391 366 1425 aeterno,
425 1399 485 1434 14.
515 1386 572 1425 Et
595 1385 667 1437 qui
689 1399 772 1425 non
795 1385 921 1425 fuerit
944 1386 1206 1425 circumcisus
1229 1386 1448 1434 masculus,
1475 1386 1546 1436 qui
1570 1399 1654 1425 non
1679 1386 1850 1425 circum-

186 1451 346 1492 cidetur
370 1465 535 1491 carnem
557 1453 765 1503 praeputii
791 1453 853 1492 sui
877 1458 1028 1492 octava
1053 1452 1133 1502 die,
1157 1452 1346 1492 interibit
1370 1452 1510 1492 anima
1534 1452 1604 1492 illa
1629 1453 1680 1492 de
1704 1466 1851 1503 genere

187 1518 287 1567 eius,
329 1518 427 1569 quia
467 1525 768 1558 testamentum
808 1532 947 1558 meum
988 1518 1221 1570 dissipavit.
1281 1530 1341 1570 15.
1397 1520 1454 1558 Et
1495 1519 1599 1559 dixit
1640 1520 1756 1559 Deus
1797 1520 1851 1559 ad

187 1585 416 1625 Abraham:
454 1586 554 1625 Sara
576 1599 676 1625 uxor
697 1592 786 1635 tua,
809 1599 892 1624 non
914 1585 1192 1637 appellabitur
1214 1599 1365 1624 nomen
1387 1586 1475 1625 eius
1497 1586 1611 1635 Sara,
1635 1587 1707 1626 sed
1732 1587 1853 1626 Sarra

188 1651 266 1691 erit
286 1665 437 1691 nomen
458 1652 556 1692 eius.
616 1654 676 1691 16.
706 1652 957 1692 Benedicam
977 1658 1119 1691 autem
1140 1652 1253 1691 illam
1275 1657 1317 1691 et
1339 1652 1448 1691 dabo
1469 1652 1548 1692 tibi
1569 1666 1618 1691 ex
1639 1666 1686 1692 ea
1707 1653 1852 1702 filium,

189 1724 232 1758 et
254 1718 497 1758 benedicam
520 1719 651 1768 illum,
678 1725 720 1758 et
746 1718 824 1758 erit
848 1719 891 1758 in
916 1718 1120 1768 nationes,
1148 1724 1189 1758 et
1214 1731 1328 1769 reges
1354 1719 1542 1770 gentium
1566 1732 1615 1758 ex
1639 1733 1688 1759 eo
1714 1724 1850 1759 erunt.

192 1796 253 1836 17.
282 1785 339 1824 Et
362 1785 540 1836 procidit
563 1785 777 1825 Abraham
802 1798 924 1837 super
948 1785 1097 1824 faciem
1123 1798 1241 1825 suam
1267 1790 1308 1824 et
1333 1785 1424 1824 risit
1449 1791 1492 1825 et
1517 1785 1621 1825 dixit
1645 1786 1688 1825 in
1714 1785 1854 1825 animo

190 1864 264 1891 suo
288 1852 443 1892 dicens:
483 1852 524 1893 Si
548 1852 649 1891 mihi
673 1857 841 1891 centum
865 1865 996 1891 annos
1018 1851 1191 1891 habenti
1215 1857 1408 1891 nascetur
1436 1849 1578 1901 (filius)
1606 1858 1648 1891 et
1672 1852 1707 1891 si
1732 1852 1854 1892 Sarra

189 1931 393 1958 annorum
404 1918 631 1970 nonaginta
641 1918 776 1970 pariet
789 1919 808 1958 ?
866 1921 926 1958 18.
954 1918 1073 1958 Dixit
1085 1924 1227 1958 autem
1238 1917 1454 1958 Abraham
1467 1919 1521 1958 ad
1533 1919 1689 1958 Deum:
1705 1919 1856 1958 Ismael

189 1984 256 2025 hic
270 1985 389 2025 Vivat
403 1985 446 2024 in
461 1991 685 2037 conspectu
696 1990 783 2025 tuo.
843 1999 903 2037 19.
933 1985 1052 2024 Dixit
1063 1991 1205 2025 autem
1218 1986 1332 2025 Deus
1345 1985 1400 2025 ad
1411 1985 1642 2025 Abraham:
1668 1986 1750 2035 Ita,
1764 1998 1856 2024 ecce

192 2052 312 2093 Sarra
326 2065 428 2091 uxor
442 2058 517 2092 tua
530 2052 665 2103 pariet
679 2051 758 2091 tibi
774 2051 917 2101 filium,
935 2058 977 2091 et
991 2051 1161 2091 vocabis
1175 2065 1326 2091 nomen
1341 2051 1429 2091 eius
1444 2053 1580 2102 Isaac;
1611 2058 1653 2091 et
1669 2057 1856 2091 statuam

193 2124 489 2159 testamentum
512 2132 651 2159 meum
674 2119 729 2159 ad
751 2118 868 2158 illum
891 2119 934 2158 in
958 2124 1260 2158 testamentum
1283 2124 1515 2168 aeternum,
1541 2132 1628 2158 esse
1654 2118 1714 2158 illi
1740 2119 1855 2158 Deus

193 2192 236 2226 et
257 2185 402 2225 semini
424 2185 510 2225 eius
530 2191 627 2237 post
647 2185 777 2225 illum.
835 2199 896 2225 20.
926 2186 993 2225 De
1014 2186 1166 2225 Ismael
1188 2191 1330 2225 autem
1352 2198 1444 2225 ecce
1466 2185 1659 2225 exaudivi
1681 2191 1741 2235 te3
1764 2198 1856 2225 ecce

192 2252 383 2292 benedixi
403 2266 498 2292 eum
518 2258 560 2292 et
580 2252 789 2304 ampliabo
809 2252 926 2292 illum
946 2258 988 2292 et
1009 2252 1296 2304 multiplicabo
1317 2265 1412 2292 eum
1431 2253 1568 2292 valde.
1624 2252 1858 2292 Duodecim

193 2325 336 2370 gentes
355 2319 581 2370 generabit,
603 2325 645 2359 et
666 2319 775 2359 dabo
793 2318 912 2358 illum
930 2319 974 2359 in
994 2332 1190 2370 magnam
1209 2325 1389 2370 gentem.
1448 2332 1509 2359 21.
1538 2320 1858 2358 Testamentum

194 2392 338 2426 autem
355 2399 495 2425 meum
521 2392 707 2426 statuam
738 2386 792 2426 ad
820 2387 952 2436 Isaac,
973 2399 1097 2437 quem
1118 2386 1253 2437 pariet
1272 2386 1351 2425 tibi
1372 2386 1493 2427 Sarra
1510 2385 1555 2425 in
1574 2391 1761 2437 tempore
1780 2386 1858 2425 hoc

196 2453 250 2493 ad
278 2466 435 2492 annum
463 2458 716 2504 sequentem.
782 2466 843 2502 24.
872 2453 1086 2493 Abraham
1113 2459 1257 2493 autem
1286 2458 1375 2492 erat
1404 2466 1608 2492 annorum
1626 2452 1858 2503 nonaginta

197 2532 361 2569 novem,
379 2532 473 2559 cum
489 2519 750 2559 circumcisus
767 2525 829 2559 est
846 2532 1011 2560 carnem
1026 2519 1234 2571 praeputii
1252 2519 1328 2559 sui.

908 2629 1083 2663 CHAPTER
1109 2630 1149 2662 18

280 2723 313 2749 1.
342 2708 464 2750 Visus
478 2714 541 2749 est
553 2714 695 2749 autem
709 2709 746 2748 ei
760 2710 875 2749 Deus
888 2708 1088 2749 adilicem
1101 2709 1307 2758 Mambre,
1321 2708 1480 2749 sedenti
1493 2709 1548 2748 ad
1559 2707 1714 2747 ostium
1725 2707 1862 2747 taber-

198 2776 334 2817 naculi
367 2776 429 2815 sui
460 2775 641 2815 meridie.
699 2789 734 2816 2.
763 2776 1003 2827 Respiciens
1034 2776 1162 2816 oculis
1195 2776 1279 2815 suis
1311 2775 1433 2824 vidit,
1467 2781 1509 2814 et
1541 2788 1633 2814 ecce
1665 2780 1749 2814 tres
1781 2774 1862 2814 viri

199 2844 371 2884 stabant
394 2856 515 2894 super
539 2855 633 2882 eum
641 2856 650 2892 ;
690 2848 732 2882 et
755 2843 900 2883 videns
923 2843 1129 2894 procurrit
1152 2843 1196 2882 in
1219 2842 1388 2882 obviam
1411 2842 1491 2882 illis
1514 2842 1568 2881 ab
1593 2841 1701 2881 ostio
1724 2841 1862 2881 taber-

199 2909 335 2951 naculi
363 2910 439 2959 sui,
466 2915 508 2949 et
533 2909 726 2949 adoravit
753 2923 874 2961 super
899 2915 1067 2959 terram,
1121 2923 1159 2961 3.
1189 2910 1245 2949 Et
1272 2909 1392 2949 dixit:
1427 2908 1620 2958 Domine,
1656 2908 1689 2948 si
1722 2908 1864 2948 inveni

200 2977 378 3029 gratiam
401 2982 499 3017 ante
523 2982 579 3026 te,
604 2989 655 3015 ne
678 2982 912 3027 praetereas
936 2989 1101 3016 servum
1124 2982 1258 3016 tuum.
1314 2989 1352 3024 4.
1383 2976 1580 3016 Sumatur
1603 2988 1713 3014 nunc
1737 2988 1863 3026 aqua,
