2309 3583
826 287 916 316 THE
947 288 1067 316 TEXT
1724 292 1778 332 49

840 397 1013 430 CHAPTER
1036 409 1057 438 4

201 479 234 504 1.
266 465 330 504 Cf.
355 465 523 514 Quaest.
549 476 665 515 3:75,
689 465 861 515 cognovit
883 479 1043 505 uxorem
1066 479 1194 505 suam.
1250 467 1351 505 This
1374 480 1471 518 may
1494 469 1579 507 also
1603 469 1706 508 refer
1729 475 1775 508 to

118 544 199 570 vss.
225 543 270 581 17
290 531 374 570 and
396 543 455 581 25.
567 543 600 580 7.
632 531 734 570 Con.
757 532 898 570 Faust.
924 545 1023 582 12:9
1050 532 1207 571 follows
1236 532 1308 571 the
1334 539 1423 571 text
1453 534 1559 572 from
1578 535 1615 573 si
1642 541 1688 573 to
1707 535 1779 575 the

118 597 211 636 end.
322 610 382 636 10.
413 597 515 636 Con.
535 597 671 636 Adim.
691 610 715 645 4
739 597 858 636 reads
882 598 954 636 the
981 611 1092 636 same
1117 604 1261 648 except
1285 599 1360 637 has
1385 599 1457 638 the
1482 600 1638 649 perfect
1663 607 1779 640 tense

117 663 233 702 dixitj
287 663 431 702 Enarr.
453 663 496 701 in
517 664 582 702 Ps.
606 677 656 714 39
676 664 711 702 is
731 663 803 702 the
825 676 936 702 same
958 677 1003 702 as
1023 670 1112 702 text
1134 664 1240 703 from
1261 678 1330 704 vox
1350 670 1395 703 to
1416 665 1488 704 the
1510 666 1602 704 end.
1716 681 1776 706 11.

119 729 222 769 Con.
239 729 376 768 Adim.
394 742 436 777 4:
467 730 588 769 Nunc
604 729 834 769 maledictus
850 742 889 768 es
905 734 947 769 tu
963 743 988 769 a
996 730 1105 780 facie
1120 735 1243 769 terrae
1259 744 1358 781 quae
1374 731 1572 771 absorbuit
1587 737 1620 770 et
1637 734 1780 783 recepit

117 795 354 846 sanguinem
364 795 508 846 fratris
527 796 587 835 tui
606 809 652 835 ex
669 797 783 835 caede
801 809 947 836 manus
966 801 1069 836 tuae.
1181 810 1240 836 12.
1270 797 1392 848 Oper.
1412 798 1563 848 Imper.
1585 811 1674 837 con.
1695 800 1777 849 Jul.

117 864 217 912 6:23
248 862 405 901 follows
434 862 507 901 the
536 868 627 901 text
657 868 802 913 except
830 862 927 902 that
956 863 990 901 it
1019 863 1145 902 omits
1174 863 1376 914 quoniam.
1434 864 1536 903 Con.
1567 864 1704 904 Adim.
1736 878 1778 913 4:

120 929 174 967 Te
195 928 302 967 enim
325 928 482 979 operari
503 941 654 968 necesse
677 933 731 968 est
753 933 908 977 terram,
932 929 1027 980 quia
1049 929 1194 968 sterilis
1217 930 1288 969 tibi
1301 930 1461 980 fructus
1483 930 1602 969 dabit.
1715 943 1775 982 15.

120 995 253 1045 Epist.
278 1008 369 1045 149:
384 1008 417 1043 1,
439 1008 479 1045 9:
513 995 574 1034 De
592 995 699 1034 Cain
718 995 911 1045 scriptum
929 1000 984 1034 est
1004 995 1239 1035 “constituit
1257 996 1303 1035 in
1322 1009 1364 1035 eo
1383 997 1585 1036 Dominus
1603 997 1778 1048 signum,

114 1074 164 1101 ne
175 1061 264 1112 quis
277 1061 460 1100 occideret
472 1061 604 1101 eum.''
689 1073 749 1112 25.
779 1062 844 1101 De
860 1062 902 1101 N
905 1068 994 1113 upt.
1012 1068 1054 1101 et
1071 1062 1174 1102 Con.
1195 1076 1214 1101 2
1227 1065 1269 1101 :8
1284 1063 1318 1102 is
1334 1063 1406 1102 the
1419 1076 1531 1102 same
1544 1077 1589 1102 as
1602 1064 1673 1103 the
1686 1070 1776 1104 text

115 1134 259 1178 except
274 1127 346 1167 the
360 1128 510 1178 phrase
524 1128 667 1167 vocavit
682 1141 824 1167 nomen
839 1128 944 1175 eius‚·
972 1129 1097 1168 omits
1112 1128 1237 1176 enim;
1264 1129 1384 1168 reads
1398 1130 1599 1170 Dominus
1614 1130 1779 1171 instead

115 1194 158 1233 of
178 1194 307 1241 Deus,·
342 1194 425 1234 and
447 1194 550 1233 adds
572 1195 644 1233 the
665 1195 814 1245 phrase
835 1208 949 1246 quem
971 1195 1110 1235 occidit
1131 1195 1252 1235 Cain.

837 1304 1010 1338 CHAPTER
1035 1315 1053 1346 5

198 1385 232 1411 2.
262 1373 327 1411 De
352 1372 430 1411 civ.
462 1384 585 1423 15:17
619 1373 653 1411 is
686 1373 758 1412 the
793 1386 905 1412 same
938 1379 983 1412 to
1016 1387 1107 1425 qua.
1216 1387 1240 1422 4
1266 1374 1349 1413 and
1376 1385 1411 1425 5.
1443 1375 1508 1413 De
1539 1375 1618 1414 civ.
1659 1377 1776 1426 1528:

113 1438 218 1478 Cum
239 1439 362 1489 igitur
383 1439 582 1489 scriptura
604 1439 754 1488 divino,
778 1439 848 1479 ubi
871 1444 905 1478 et
927 1453 1137 1480 numerum
1161 1453 1371 1490 annorum,
1395 1454 1490 1492 quos
1512 1441 1577 1480 illi
1599 1441 1778 1481 homines

112 1505 302 1553 vixerunt,
330 1510 614 1554 commemorat,
642 1505 700 1544 ita
727 1506 945 1555 concludat,
974 1511 1017 1546 ut
1043 1507 1149 1546 dicat
1175 1507 1222 1546 de
1248 1507 1330 1556 illo,
1359 1507 1406 1546 de
1433 1521 1508 1558 quo
1535 1507 1775 1559 loquebatur,

114 1572 182 1611 “et
201 1572 336 1622 genuit
348 1572 460 1622 filios
482 1576 516 1611 et
528 1572 657 1622 filias,
681 1576 714 1611 et
728 1573 897 1623 suerunt
919 1586 1052 1612 omnes
1073 1573 1191 1613 dies’'
1214 1573 1327 1613 illius
1349 1574 1405 1613 vel
1424 1574 1539 1614 illius
1561 1588 1656 1626 quos
1678 1575 1776 1615 vixit

113 1638 215 1678 anni
232 1642 296 1687 tot,
317 1638 384 1677 “et
400 1643 577 1678 mortuus
595 1638 692 1677 est.’'
750 1638 815 1678 Cf.
834 1652 895 1678 vs,
917 1642 953 1678 8.

836 1736 1011 1770 CHAPTER
1035 1739 1054 1770 6

190 1817 226 1855 3.
257 1805 322 1843 De
345 1804 424 1843 civ.
453 1818 597 1844 20:21:
636 1805 732 1844 Non
755 1805 999 1856 permanebit
1021 1805 1191 1856 spiritus
1215 1819 1325 1846 meus
1352 1806 1399 1846 in
1427 1806 1655 1847 hominibus
1684 1807 1776 1846 istis

112 1871 302 1923 quoniam
321 1884 410 1910 caro
429 1875 534 1911 sunt.
591 1871 656 1910 De
676 1871 789 1911 Trin.
817 1885 881 1922 13:
896 1885 940 1911 12
962 1872 996 1911 is
1016 1872 1089 1911 the
1110 1886 1236 1912 same.
1294 1873 1398 1913 Con.
1420 1873 1558 1913 Adim.
1585 1887 1630 1912 12
1653 1875 1778 1914 omits

112 1937 358 1984 hominibus;
391 1938 510 1977 reads
530 1937 626 1989 quia
646 1938 810 1978 instead
831 1938 874 1977 of
895 1939 1009 1990 quod.
1067 1939 1236 1989 Quaest.
1263 1951 1381 1991 2:55:
1418 1940 1514 1980 Non
1536 1940 1779 1991 permanebit

111 2005 158 2044 in
188 2004 279 2043 istis
311 2004 538 2044 hominibus
570 2004 739 2055 spiritus
771 2018 895 2054 meus,
930 2005 1121 2056 quoniam
1153 2019 1290 2045 carnes
1322 2011 1428 2046 sunt.
1485 2007 1593 2046 Ibid.
1634 2020 1779 2058 1:134:

111 2072 207 2111 Non
236 2071 478 2122 permanebit
508 2071 677 2122 spiritus
707 2084 818 2111 meus
847 2072 894 2111 in
925 2072 1153 2112 hominibus
1183 2073 1286 2122 istis,
1318 2078 1477 2124 propter
1508 2074 1611 2125 quod
1641 2087 1779 2113 carnes

111 2142 217 2178 sunt.
272 2138 379 2177 Ibid.
405 2152 421 2176 1
436 2151 443 2176 :
457 2151 476 2176 2
481 2150 522 2188 3:
556 2139 609 2177 Et
628 2143 741 2178 erunt
761 2138 863 2177 anni
881 2139 981 2178 vitae
1001 2152 1134 2179 eorum
1153 2144 1309 2179 centum
1328 2140 1482 2190 viginti.
1592 2143 1615 2180 6
1636 2141 1721 2181 and
1742 2152 1778 2191 7.

110 2205 207 2244 Loc.
234 2218 272 2243 1:
287 2217 352 2252 14:
386 2204 500 2254 Quod
519 2204 713 2256 scriptum
733 2209 788 2244 est
808 2205 855 2244 in
876 2205 1111 2256 quibuscum
1131 2206 1272 2245 latinis
1293 2206 1509 2247 codicibus:
1549 2207 1616 2246 “et
1638 2207 1780 2258 paeni-

112 2271 200 2321 tuit,
223 2276 257 2310 et
277 2271 379 2310 dixit
398 2272 526 2311 Deus:
561 2271 726 2311 Deleam
748 2272 946 2311 hominem
968 2286 1082 2324 quem
1094 2273 1190 2323 feci,
1214 2287 1239 2312 a
1254 2273 1364 2324 facie
1386 2273 1552 2323 terrae,'’
1574 2274 1622 2313 in
1643 2287 1779 2325 graeco

109 2337 308 2378 invenitur
334 2335 516 2387 διενοήθη,
545 2338 647 2389 quod
666 2338 793 2389 magis
814 2338 1100 2389 “recogitavit'’
1122 2353 1241 2390 quam
1262 2337 1491 2390 “paenituit
1504 2340 1529 2358 '²
1551 2341 1778 2392 significare

110 2404 345 2456 perhibetur,
375 2404 477 2455 quod
503 2405 658 2444 verbum
687 2405 806 2444 etiam
834 2406 1022 2445 nonnulli
1050 2406 1171 2445 latini
1199 2407 1348 2446 codices
1377 2407 1530 2447 habent.
1588 2409 1776 2447 Retract.

116 2485 133 2511 1
147 2485 155 2510 :
169 2473 215 2510 26
225 2486 233 2520 3
264 2471 329 2509 De
344 2471 457 2510 Trin.
479 2485 495 2510 1
510 2485 566 2520 :1,
583 2477 625 2510 et
641 2471 708 2520 al.‚
726 2472 825 2512 read
840 2472 1019 2512 Poenitet
1034 2486 1095 2512 me
1102 2473 1247 2523 fecisse
1263 2473 1474 2513 hominem.
1589 2487 1648 2522 14.
1678 2475 1776 2513 Loc.

115 2550 233 2589 1:15:
269 2537 383 2588 Quod
403 2537 543 2577 habent
564 2537 684 2577 latini
705 2538 854 2578 codices
875 2539 1062 2590 plurimi:
1102 2539 1251 2579 “nidos
1264 2540 1396 2591 facies
1417 2540 1465 2579 in
1487 2540 1663 2589 arcam,”
1687 2553 1780 2580 cum

111 2604 240 2644 latina
264 2603 458 2644 adlocutio
483 2605 535 2643 sit
559 2618 640 2644 non
667 2605 746 2644 “in
772 2606 948 2655 arcam‚''
975 2606 1042 2645 sed
1069 2606 1148 2645 “in
1173 2607 1319 2654 arca'⁷,·
1358 2607 1488 2658 graeci
1512 2621 1582 2646 nec
1609 2606 1688 2646 “in
1714 2620 1779 2646 ar-

111 2671 231 2711 cam'’
257 2684 326 2710 nec
352 2670 431 2709 “in
455 2671 579 2710 arca''
605 2671 757 2721 habent,
783 2673 851 2711 sed
877 2672 1026 2712 “nidos
1042 2673 1173 2723 facies
1198 2673 1374 2723 arcam,''
1401 2674 1503 2725 quod
1526 2673 1776 2724 intelligitur,

111 2743 155 2779 ut
183 2738 277 2789 ipsa
307 2751 400 2776 arca
430 2737 520 2776 nidi
555 2742 691 2777 essent.
812 2741 872 2778 16.
903 2740 968 2778 De
999 2740 1078 2779 civ.
1115 2742 1240 2790 15:26
1272 2740 1391 2780 reads
1422 2740 1495 2779 the
1526 2753 1639 2779 same
1670 2740 1779 2779 from

110 2805 303 2856 inferiora
318 2817 385 2843 on.
435 2804 665 2843 Loc.1:16:
696 2805 899 2845 Nonnulli
910 2806 1051 2845 habent
1063 2819 1109 2845 ex
1121 2810 1349 2846 transverso.
1462 2820 1522 2846 22.
1554 2807 1692 2847 Reads
1705 2806 1778 2846 the

112 2884 224 2911 same
248 2884 294 2910 as
318 2871 436 2921 chap.
465 2882 500 2921 7,
525 2884 585 2910 vs.
614 2883 649 2922 5,
673 2872 775 2911 with
798 2872 870 2911 the
893 2873 1109 2924 exception
1133 2873 1176 2912 of
1199 2873 1271 2912 the
1294 2879 1378 2912 two
1402 2873 1500 2912 final
1524 2874 1671 2922 words,
1698 2873 1778 2913 Gk.

112 2936 228 2976 οὕτως
250 2935 436 2986 ἐποίησεν,
460 2936 593 2976 which
617 2951 685 2977 are
709 2939 905 2989 wanting.
