2309 3583
845 275 936 304 THE
966 274 1087 304 TEXT

1746 275 1794 317 17

141 400 244 433 tum.
290 404 350 443 25.
375 392 430 431 Et
442 391 539 430 fecit
554 391 669 429 Deus
704 389 805 428 dum
837 400 979 439 genus.
1036 388 1093 426 Et
1127 387 1235 426 vidit
1271 388 1548 427 secundum
1588 402 1714 439 genus
1756 395 1798 428 et

140 457 670 499 bestiasterraesecundum
705 456 820 494 Deus
848 455 946 505 quia
971 453 1129 493 bonum
1158 458 1234 492 est.
1269 455 1797 505 pecorasecundumgenus.

140 538 280 577 genus,
300 530 342 564 et
360 536 511 575 pecora
526 536 670 563 secun·
708 523 769 560 26.
791 521 847 560 Et
860 520 963 560 dixit
976 520 1108 559 Deus:
1121 519 1154 557 F
1156 518 1237 558 aci-
1272 520 1327 558 Et
1346 520 1506 559 factum
1527 527 1589 559 est
1609 522 1676 561 sic.
1736 534 1796 573 25.

141 591 242 631 dum
273 603 416 641 genus,
453 595 495 629 et
530 589 670 629 omnia
705 600 825 627 amus
839 585 1050 626 hominem
1064 586 1120 625 ad
1134 585 1237 624 ima-
1272 586 1328 624 Et
1362 586 1460 625 fecit
1497 587 1610 625 Deus
1645 588 1798 628 bestias

140 657 326 709 repentia
360 662 494 696 terrae
530 669 672 695 secun·-
705 654 843 705 ginem
861 659 904 692 et
923 652 1236 692 similitudinem
1271 658 1404 692 terrae
1426 654 1651 692 secundum
1672 667 1800 703 genus

141 724 242 763 dum
275 736 415 774 genus.
472 723 528 762 Et
562 722 671 762 vidit
706 726 906 760 nostram.

141 791 256 830 Deus
288 790 385 841 quia
415 790 526 829 bona
559 794 670 828 sunt.

144 859 204 897 26.
260 857 317 896 Et
376 856 479 896 dixit
538 856 671 895 Deus:

141 924 358 963 Faciamus
381 922 592 962 hominem
616 922 671 961 ad

139 990 361 1041 imaginem
401 994 442 1028 et
483 989 671 1028 similitu-

141 1056 280 1096 dinem
324 1061 569 1105 nostram;
629 1061 672 1094 et

140 1123 294 1164 habeat
314 1128 571 1174 potestatem
591 1122 673 1173 pis-

142 1190 251 1229 cium
298 1190 422 1229 maris
469 1194 512 1228 et
558 1189 672 1228 vola-

142 1256 279 1296 tilium
296 1256 410 1305 coeli,
428 1262 471 1295 et
487 1255 674 1295 omnium

141 1336 337 1375 pecorum
355 1328 398 1362 et
416 1323 610 1372 ferarum,
631 1328 674 1361 et

142 1390 275 1430 omnis
283 1395 430 1439 terrae,
440 1395 481 1428 et
489 1389 674 1428 omnium

142 1457 365 1508 reptilium,
407 1469 514 1507 quae
553 1469 675 1507 super

143 1529 297 1562 terram
309 1528 472 1574 repunt.
500 1534 546 1573 27
552 1553 674 1562 .....

144 1589 382 1629 Masculum
410 1595 452 1628 et
479 1589 677 1628 feminam

143 1656 241 1696 fecit
254 1657 361 1705 illos3
393 1658 453 1695 28.
484 1656 540 1695 Et
552 1656 676 1695 bene-

144 1723 248 1763 dixit
276 1736 345 1762 eos
374 1723 489 1762 Deus
518 1722 674 1762 dicens:

145 1789 327 1830 Crescite
356 1795 398 1828 et
428 1789 676 1840 multiplica-

144 1856 245 1896 mini
301 1862 344 1896 et
395 1861 587 1907 generate
634 1861 676 1895 et

144 1924 298 1975 replete
313 1929 479 1963 terram.
527 1936 591 1974 31.
621 1923 678 1962 Et

144 1990 252 2030 vidit
267 1991 382 2029 Deus
397 1990 536 2030 omnia
552 2002 676 2041 quae-

146 2069 322 2108 cumque
344 2057 456 2107 fecit,
479 2070 565 2096 esse
588 2069 675 2096 om-

145 2123 214 2163 nia
231 2124 342 2163 bona
360 2123 495 2163 valde.

1272 724 1315 758 et
1370 732 1518 769 pecora
1575 721 1799 760 secundum

1272 798 1399 835 genus
1419 791 1460 824 et
1480 786 1619 825 omnia
1639 787 1800 837 reptilia

1272 857 1405 891 terrae
1420 852 1645 892 secundum
1659 865 1799 903 genus.

1273 918 1329 957 Et
1380 918 1486 958 vidit
1538 919 1653 958 Deus
1704 920 1801 970 quia

1272 984 1382 1024 bona
1445 991 1553 1024 sunt.
1629 988 1688 1025 26.
1745 987 1802 1026 Et

1273 1051 1376 1090 dixit
1407 1052 1539 1091 Deus:
1585 1052 1803 1092 Faciamus

1272 1117 1481 1156 hominem
1505 1118 1559 1158 ad
1582 1119 1804 1169 imaginem

1273 1190 1314 1223 et
1357 1184 1668 1225 similitudinem
1710 1199 1802 1226 nos-

1273 1257 1399 1301 tram3
1470 1258 1512 1291 et
1569 1252 1804 1292 dominetur

1272 1318 1448 1368 piscium
1473 1319 1597 1358 maris
1623 1325 1665 1358 et
1691 1319 1804 1359 vola-

1274 1385 1410 1424 tilium
1432 1386 1533 1425 caeli
1555 1391 1597 1425 et
1618 1386 1805 1425 omnium

1273 1464 1468 1502 pecorum
1496 1457 1538 1491 et
1564 1452 1698 1492 omnis
1725 1458 1806 1492 ter-

1274 1532 1342 1558 rae
1391 1524 1434 1557 et
1483 1519 1668 1557 omnium
1717 1532 1806 1570 rep-

1274 1585 1410 1624 tilium
1429 1586 1663 1636 repentium
1684 1599 1806 1636 super

1274 1657 1442 1691 terram.
1502 1663 1563 1701 27.
1613 1653 1669 1691 Et
1709 1652 1807 1691 fecit

1276 1718 1391 1757 Deus
1410 1718 1634 1767 hominem,
1656 1718 1711 1758 ad
1731 1718 1807 1757 im-

1276 1785 1438 1835 aginem
1465 1785 1544 1824 Dei
1569 1785 1667 1824 fecit
1693 1798 1806 1824 eum:

1276 1852 1506 1891 masculum
1536 1857 1578 1890 et
1608 1851 1805 1891 feminam

1276 1918 1374 1958 fecit
1388 1931 1468 1958 eos.
1528 1920 1588 1957 28.
1618 1919 1674 1957 Et
1686 1919 1808 1958 bene-

1278 1985 1382 2025 dixit
1410 1998 1479 2024 eos
1509 1986 1623 2024 Deus
1652 1985 1808 2025 dicens:

1279 2052 1460 2092 Crescite
1514 2058 1556 2091 et
1610 2052 1810 2103 multipli-

1279 2119 1428 2158 camini
1463 2125 1505 2158 et
1539 2119 1694 2170 inplete
1729 2124 1810 2158 ter-

1278 2199 1368 2225 ram
1432 2191 1475 2225 et
1542 2185 1810 2225 dominamini

1278 2253 1365 2292 eius
1421 2258 1464 2292 et
1519 2252 1809 2303 principamini

1278 2319 1453 2371 piscium
1479 2319 1604 2358 maris
1630 2324 1672 2358 et
1697 2319 1811 2358 vola-

1279 2386 1416 2426 tilium
1439 2386 1539 2425 caeli
1562 2391 1604 2425 et
1624 2385 1811 2424 omnium

1278 2466 1475 2504 pecorum
1502 2458 1544 2492 et
1570 2452 1703 2491 omnis
1730 2458 1811 2491 ter-

1279 2533 1348 2559 rae
1391 2525 1433 2559 et
1470 2519 1657 2558 omnium
1687 2518 1812 2570 repti-

1280 2587 1381 2626 lium
1419 2586 1652 2638 repentium
1690 2598 1812 2636 super

1283 2659 1450 2693 terram.
1509 2667 1569 2704 29.
1599 2653 1655 2691 Et
1709 2652 1812 2691 dixit

1281 2721 1414 2760 Deus:
1521 2720 1627 2759 Ecce
1717 2718 1812 2758 dedi

1281 2788 1401 2827 vobis
1446 2800 1568 2826 omne
1612 2786 1813 2836 pabulum

1283 2854 1524 2894 seminale
1559 2852 1813 2892 seminans

1283 2934 1434 2970 semen,
1464 2919 1576 2971 quod
1603 2924 1666 2958 est
1694 2932 1815 2970 super

1282 3000 1447 3028 omnem
1459 2992 1625 3036 terram,
1639 2991 1681 3025 et
1693 2998 1813 3025 omne
