2309 3583
509 267 560 308 32
740 263 770 294 Α
801 263 949 294 STUDY
979 263 1036 294 OF
1065 251 1374 294 AUGUSTINE’S
1403 263 1630 294 VERSIONS
1661 263 1718 294 OF
1749 264 1943 295 GENESIS

507 379 551 418 in
569 385 755 429 tempore
772 377 841 416 illo
860 383 902 416 et
921 376 1025 417 dixit
1043 377 1285 417 Abimilech.
1346 391 1365 416 2
1369 391 1406 428 3.
1436 378 1492 417 Et
1510 383 1620 417 terra
1639 391 1765 428 quam
1782 377 2028 417 inhabitasti
2046 377 2090 417 in
2108 390 2169 417 ea.

511 457 572 496 27.
601 445 657 484 Et
676 444 967 495 disposuerunt
985 444 1110 483 ambo
1128 449 1440 483 testamentum.
1496 457 1559 494 31.
1589 445 1745 483 Puteus
1763 443 1994 484 iurationis.

1220 563 1395 597 CHAPTER
1421 574 1458 596 22

591 659 623 684 1.
654 645 710 684 Et
733 644 893 683 factum
918 648 980 682 est
1003 648 1100 693 post
1124 642 1225 682 haec
1248 643 1376 682 verba
1405 642 1584 682 tentavit
1609 643 1725 682 Deus
1747 642 1975 691 Abraham,
2001 648 2043 682 et
2068 642 2174 682 dixit

509 711 563 752 ad
585 724 696 751 eum:
727 709 953 759 Abraham,
975 709 1200 749 Abraham.
1257 710 1313 748 Et
1333 709 1400 748 ille
1422 708 1544 748 dixit:
1581 710 1687 748 Ecce
1708 722 1794 759 ego.
1854 722 1887 748 2.
1918 709 1975 748 Et
1996 708 2101 748 dixit
2122 708 2174 754 ei,

508 777 660 829 Accipe
674 776 804 816 filium
819 782 939 815 tuum
955 775 1165 825 dilectum,
1182 789 1306 826 quem
1321 775 1467 825 diligis,
1488 776 1607 815 Isaac
1626 781 1667 815 et
1686 776 1794 815 vade
1811 774 1855 814 in
1873 780 2028 814 terram
2047 775 2175 814 excel-

509 858 612 894 sam,
634 850 675 884 et
703 844 804 883 offer
832 856 927 882 eum
950 840 1008 882 ibi
1032 841 1075 881 in
1100 842 1389 881 holocaustum
1414 855 1535 892 super
1559 854 1689 880 unum
1712 841 1920 880 montium
1949 854 2073 892 quern
2096 840 2175 881 tibi

510 912 661 952 dixero.
716 924 753 959 4.
784 910 840 949 Et
871 908 1090 960 respiciens
1120 908 1334 948 Abraham
1364 908 1504 947 oculis.
1565 922 1625 947 10.
1656 908 1713 947 Et
1745 908 1931 947 extendit
1961 907 2175 948 Abraham

509 991 680 1018 manum
710 989 827 1016 suam
858 989 1017 1015 sumere
1046 975 1323 1024 machaeram,
1355 980 1403 1014 ut
1433 974 1638 1014 occideret
1668 974 1800 1013 filium
1830 987 1964 1014 suum.
2026 988 2086 1014 11.
2117 974 2175 1014 Et

509 1044 678 1085 vocavit
697 1043 815 1082 illum
837 1043 1004 1093 angelus
1026 1041 1198 1080 Domini
1220 1042 1271 1081 de
1293 1041 1406 1080 caelo
1428 1047 1470 1080 et
1493 1040 1615 1080 dixit:
1651 1040 1882 1080 Abraham!
1935 1041 2011 1080 Ille
2032 1046 2175 1080 autem

510 1112 631 1152 dixit:
662 1111 767 1149 Ecce
784 1122 870 1159 ego.
930 1121 989 1147 12.
1020 1109 1076 1147 Et
1093 1108 1213 1147 dixit:
1244 1108 1342 1147 Non
1358 1107 1501 1147 inicias
1517 1120 1689 1146 manum
1704 1113 1824 1146 tuam
1844 1121 1965 1159 super
1984 1121 2175 1158 puerum,

509 1191 643 1229 neque
662 1176 789 1216 facias
809 1175 867 1214 illi
888 1174 1129 1225 quicquam3
1165 1187 1275 1213 nunc
1297 1173 1406 1212 enirn
1428 1174 1528 1213 scivi
1549 1174 1647 1225 quia
1668 1173 1791 1213 times
1812 1174 1948 1213 Deum
1972 1179 2107 1223 tuum,
2131 1179 2174 1214 et

509 1258 593 1284 non
622 1241 841 1295 pepercisti
870 1241 955 1280 filio
985 1247 1059 1280 tuo
1091 1240 1241 1280 dilecto
1270 1246 1439 1291 propter
1467 1253 1545 1279 me.
1605 1254 1665 1291 13.
1695 1239 1935 1292 Respiciens
1962 1240 2176 1280 Abraham

510 1310 637 1351 oculis
657 1309 740 1349 suis
759 1307 880 1357 vidit,
901 1313 943 1347 et
962 1320 1054 1346 ecce
1074 1306 1178 1346 aries
1197 1320 1304 1346 unus
1323 1307 1545 1346 tenebatur
1564 1306 1607 1345 in
1627 1307 1773 1346 arbore
1793 1306 1944 1346 sabech
1963 1306 2175 1347 cornibus:

509 1384 552 1417 et
566 1376 669 1417 abiit
683 1374 895 1415 Abraham
910 1380 951 1413 et
965 1373 1126 1425 accepit
1139 1373 1312 1413 arietem
1327 1379 1369 1413 et
1383 1373 1538 1413 obtulit
1553 1386 1648 1413 eum
1661 1373 1951 1413 holocaustum
1964 1387 2040 1425 pro
2055 1374 2176 1413 Isaac

509 1444 594 1484 filio
620 1456 700 1483 suo
766 1455 826 1490 14.
856 1442 912 1480 Et
939 1439 1250 1491 cognominavit
1276 1440 1489 1480 Abraham
1515 1453 1666 1480 nomen
1692 1440 1771 1479 loci
1797 1440 1906 1480 illius
1934 1439 2176 1480 “Dominus

509 1509 652 1559 vidit,''
694 1515 742 1548 ut
776 1507 918 1548 dicant
950 1507 1073 1546 hodie
1107 1507 1220 1558 quod
1252 1506 1296 1546 in
1329 1513 1471 1546 monte
1495 1507 1713 1546 ‘Dominus
1745 1506 1860 1546 visus
1894 1513 1969 1546 est.
2029 1518 2089 1558 15.
2120 1507 2177 1546 Et

509 1575 678 1617 vocavit
699 1575 867 1625 angelus
889 1573 1061 1613 Domini
1082 1573 1295 1613 Abraham
1317 1574 1496 1613 secundo
1519 1574 1569 1613 de
1591 1574 1703 1613 caelo
1725 1573 1881 1613 dicens:
1922 1575 1981 1613 16.
2012 1574 2090 1613 Per
2110 1587 2178 1613 me

508 1643 645 1695 ipsum
671 1641 819 1690 iuravi,
850 1640 951 1681 dicit
979 1639 1186 1680 Dominus
1212 1646 1382 1691 propter
1411 1641 1523 1691 quod
1550 1640 1685 1680 fecisti
1713 1641 1888 1680 verbum
1915 1641 1994 1680 hoc
2022 1647 2065 1680 et
2092 1653 2177 1680 non

508 1709 729 1762 pepercisti
751 1708 835 1748 filio
862 1714 937 1747 tuo
965 1707 1116 1747 dilecto
1142 1713 1313 1758 propter
1335 1720 1414 1746 me.
1473 1719 1534 1757 17.
1555 1706 1648 1747 Nisi
1667 1707 1913 1747 benedicens
1931 1707 2177 1747 benedicam

509 1783 564 1827 te,
592 1783 634 1816 et
659 1774 940 1826 multiplicans
966 1773 1253 1825 multiplicabo
1279 1787 1417 1813 semen
1443 1779 1565 1813 tuum
1591 1779 1810 1825 tamquam
1837 1774 1976 1814 stellas
2003 1773 2105 1813 caeli
2132 1779 2175 1813 et

509 1850 727 1894 tamquam
747 1842 958 1890 harenam,
981 1854 1087 1892 quae
1106 1840 1224 1880 iuxta
1244 1839 1401 1880 labium
1421 1840 1559 1880 maris.
1616 1841 1672 1880 Et
1692 1840 1926 1880 hereditate
1945 1839 2178 1892 possidebit
2202 1879 2206 1882 .

510 1924 648 1950 semen
675 1915 797 1949 tuum
826 1907 1018 1947 civitates
1046 1907 1388 1947 adversariorum.
1448 1909 1508 1946 18.
1538 1908 1594 1946 Et
1621 1906 1918 1947 benedicentur
1947 1907 1991 1946 in
2020 1906 2176 1947 semine

510 1983 585 2016 tuo
607 1989 749 2015 omnes
770 1981 913 2025 gentes
934 1980 1081 2024 terrae,
1106 1974 1204 2025 quia
1226 1973 1438 2013 obaudisti
1461 1974 1553 2013 voci
1576 1987 1704 2014 meae.
1764 1987 1824 2014 20.
1855 1975 1912 2014 Et
1934 1974 2177 2013 nuntiatum

511 2050 574 2083 est
592 2042 805 2083 Abraham
824 2041 1020 2081 dicentes.

1225 2105 1399 2139 CHAPTER
1426 2116 1464 2146 23

593 2201 627 2227 2.
656 2186 782 2227 Venit
803 2191 945 2225 autem
966 2185 1179 2225 Abraham
1200 2185 1393 2236 plangere
1417 2185 1560 2225 Saram
1583 2190 1626 2224 et
1647 2185 1797 2235 lugere.
1853 2198 1891 2236 3.
1921 2185 1979 2224 Et
2002 2184 2179 2224 surrexit

511 2253 724 2294 Abraham
749 2253 799 2293 de
824 2265 947 2303 supra
971 2258 1149 2291 mortem
1174 2251 1274 2301 eius,
1300 2257 1342 2291 et
1367 2251 1471 2291 dixit
1495 2251 1589 2291 filiis
1613 2251 1743 2301 Heth‚
1797 2265 1835 2300 4.
1865 2252 2108 2302 Peregrinus
2133 2257 2176 2291 et

511 2321 674 2360 advena
690 2333 781 2359 sum
798 2332 871 2369 ego
887 2318 1120 2367 vobiscum3
1152 2318 1250 2358 date
1266 2331 1361 2369 ergo
1377 2317 1479 2357 mihi
1494 2318 1795 2369 possessionem
1810 2317 2085 2367 monumenti,
2104 2317 2178 2358 ubi

510 2386 705 2438 sepeliam
725 2391 937 2426 mortuum
957 2398 1108 2424 meum.
1167 2396 1201 2436 5.
1231 2385 1552 2436 Responderunt
1572 2391 1715 2425 autem
1735 2384 1809 2424 filii
1829 2385 1946 2424 Heth
1966 2385 2021 2425 ad
2041 2384 2173 2425 Abra-

511 2453 624 2501 ham,
652 2452 851 2493 dicentes:
894 2455 931 2492 6.
959 2451 1083 2492 Absit
1109 2451 1200 2501 hoc,
1229 2451 1427 2501 Domine;
1468 2451 1567 2491 audi
1594 2465 1704 2491 nunc
1731 2457 1773 2491 et
1800 2465 1892 2491 nos:
1934 2464 2004 2491 rex
2031 2465 2056 2491 a
2084 2452 2176 2491 Deo

511 2526 561 2560 tu
576 2534 618 2560 es
631 2519 675 2558 in
690 2518 826 2567 nobis;
854 2518 899 2558 in
915 2518 1055 2558 electis
1069 2517 1351 2558 monumentis
1366 2518 1518 2557 nostris
1534 2518 1658 2569 sepeli
1674 2524 1887 2558 mortuum
1901 2523 2035 2558 tuum.
2092 2518 2136 2558 N
2138 2531 2178 2557 e-

512 2600 582 2626 mo
604 2585 714 2626 enim
736 2591 925 2625 nostrum
946 2584 1139 2636 prohibet
1161 2590 1205 2624 te
1226 2598 1252 2624 a
1274 2590 1545 2624 monumento
1574 2598 1661 2634 suo,
1690 2590 1740 2624 ut
1768 2584 1939 2636 sepelias
1965 2590 2178 2624 mortuum

512 2659 635 2693 tuum
654 2652 726 2692 ibi.
785 2664 820 2703 7.
851 2652 1027 2702 Surgens
1048 2657 1191 2691 autem
1211 2651 1425 2690 Abraham
1446 2651 1639 2691 adoravit
1660 2652 1824 2703 plebem
1845 2651 2024 2691 filiorum
2046 2650 2176 2691 Heth.

1226 2760 1400 2794 CHAPTER
1426 2771 1467 2801 24

594 2855 628 2881 2.
658 2843 770 2881 Pone
785 2853 957 2880 manum
971 2846 1091 2880 tuam
1107 2840 1183 2879 sub
1199 2840 1353 2879 femore
1368 2853 1474 2890 meo,
1528 2853 1566 2891 3.
1596 2841 1653 2880 Et
1668 2839 1870 2880 adiurabo
1886 2845 1928 2879 te
1943 2838 2177 2879 Dominum

514 2909 652 2948 Deum
673 2907 772 2948 caeli
794 2913 836 2947 et
855 2906 1085 2947 Dominum
1104 2912 1252 2954 terrae,
1273 2912 1322 2946 ut
1342 2920 1425 2946 non
1446 2920 1585 2947 sumas
1604 2920 1774 2947 uxorem
1792 2905 1878 2946 filio
1897 2919 1990 2945 meo
2010 2906 2131 2945 Isaac
2152 2919 2177 2946 a

512 2975 676 3015 filiabus
709 2974 1012 3023 Chanaeorum‚
1046 2986 1140 3013 cum
1173 2973 1323 3025 quibus
1356 2986 1430 3024 ego
1461 2973 1608 3014 habito
1639 2973 1684 3013 in
1716 2973 1786 3013 eis.
1845 2984 1880 3024 5.
1909 2973 1975 3013 Ne
2008 2972 2178 3024 quando
