<?xml version="1.0" encoding="UTF-8"?>
<!DOCTYPE html PUBLIC "-//W3C//DTD XHTML 1.0 Transitional//EN"
    "http://www.w3.org/TR/xhtml1/DTD/xhtml1-transitional.dtd">
<html xmlns="http://www.w3.org/1999/xhtml" xml:lang="en" lang="en">
 <head>
  <title>
</title>
<meta http-equiv="Content-Type" content="text/html;charset=utf-8" />
  <meta name='ocr-system' content='tesseract 3.04.00' />
  <meta name='ocr-capabilities' content='ocr_page ocr_carea ocr_par ocr_line ocrx_word'/>
</head>
<body>
  <div class='ocr_page' id='page_1' title='image "./studyofaugustine00mcinrich_0041.png"; bbox 0 0 2309 3583; ppageno 0'>
   <div class='ocr_carea' id='block_1_1' title="bbox 821 319 1773 362">
    <p class='ocr_par' dir='ltr' id='par_1_1' title="bbox 821 319 1773 362">
     <span class='ocr_line' id='line_1_1' title="bbox 821 319 1773 362; baseline 0.002 -14"><span class='ocrx_word' id='word_1_1' title='bbox 821 319 912 349; x_wconf 84' lang='lat' dir='ltr'>THE</span> <span class='ocrx_word' id='word_1_2' title='bbox 942 319 1063 349; x_wconf 83' lang='lat' dir='ltr'>TEXT</span> <span class='ocrx_word' id='word_1_3' title='bbox 1723 319 1773 362; x_wconf 84' lang='lat'>25</span> 
     </span>
    </p>
   </div>
   <div class='ocr_carea' id='block_1_2' title="bbox 114 433 1775 750">
    <p class='ocr_par' dir='ltr' id='par_1_2' title="bbox 114 433 1775 750">
     <span class='ocr_line' id='line_1_2' title="bbox 117 433 1774 484; baseline 0 -9"><span class='ocrx_word' id='word_1_4' title='bbox 117 442 282 484; x_wconf 87' lang='lat' dir='ltr'>terram,</span> <span class='ocrx_word' id='word_1_5' title='bbox 307 440 349 473; x_wconf 90' lang='lat' dir='ltr'>et</span> <span class='ocrx_word' id='word_1_6' title='bbox 372 434 506 473; x_wconf 91' lang='lat' dir='ltr'>omnis</span> <span class='ocrx_word' id='word_1_7' title='bbox 529 433 666 473; x_wconf 90' lang='lat' dir='ltr'>homo.</span> <span class='ocrx_word' id='word_1_8' title='bbox 725 446 785 472; x_wconf 91' lang='lat'>22.</span> <span class='ocrx_word' id='word_1_9' title='bbox 816 433 872 471; x_wconf 85' lang='lat' dir='ltr'>Et</span> <span class='ocrx_word' id='word_1_10' title='bbox 894 433 1033 472; x_wconf 91' lang='lat' dir='ltr'>omnia</span> <span class='ocrx_word' id='word_1_11' title='bbox 1057 446 1163 484; x_wconf 89' lang='lat' dir='ltr'>quae</span> <span class='ocrx_word' id='word_1_12' title='bbox 1186 433 1343 472; x_wconf 89' lang='lat' dir='ltr'>habent</span> <span class='ocrx_word' id='word_1_13' title='bbox 1367 434 1557 484; x_wconf 87' lang='lat' dir='ltr'>spiritum</span> <span class='ocrx_word' id='word_1_14' title='bbox 1581 435 1706 484; x_wconf 86' lang='lat' dir='ltr'>vitae,</span> <span class='ocrx_word' id='word_1_15' title='bbox 1731 442 1774 475; x_wconf 88' lang='lat' dir='ltr'>et</span> 
     </span>
     <span class='ocr_line' id='line_1_3' title="bbox 115 499 1772 551; baseline -0.001 -10"><span class='ocrx_word' id='word_1_16' title='bbox 115 501 260 550; x_wconf 91' lang='lat' dir='ltr'>omnis,</span> <span class='ocrx_word' id='word_1_17' title='bbox 280 500 350 551; x_wconf 90' lang='lat' dir='ltr'>qui</span> <span class='ocrx_word' id='word_1_18' title='bbox 368 505 456 539; x_wconf 90' lang='lat' dir='ltr'>erat</span> <span class='ocrx_word' id='word_1_19' title='bbox 475 512 596 550; x_wconf 90' lang='lat' dir='ltr'>super</span> <span class='ocrx_word' id='word_1_20' title='bbox 613 499 785 548; x_wconf 90' lang='lat' dir='ltr'>aridam,</span> <span class='ocrx_word' id='word_1_21' title='bbox 805 505 992 538; x_wconf 86' lang='lat' dir='ltr'>mortuus</span> <span class='ocrx_word' id='word_1_22' title='bbox 1011 505 1086 538; x_wconf 92' lang='lat' dir='ltr'>est.</span> <span class='ocrx_word' id='word_1_23' title='bbox 1145 512 1206 550; x_wconf 87' lang='lat'>23.</span> <span class='ocrx_word' id='word_1_24' title='bbox 1236 500 1292 538; x_wconf 90' lang='lat' dir='ltr'>Et</span> <span class='ocrx_word' id='word_1_25' title='bbox 1311 499 1446 539; x_wconf 87' lang='lat' dir='ltr'>deleta</span> <span class='ocrx_word' id='word_1_26' title='bbox 1461 506 1523 539; x_wconf 91' lang='lat' dir='ltr'>est</span> <span class='ocrx_word' id='word_1_27' title='bbox 1537 501 1670 540; x_wconf 91' lang='lat' dir='ltr'>omnis</span> <span class='ocrx_word' id='word_1_28' title='bbox 1686 514 1772 541; x_wconf 88' lang='lat' dir='ltr'>sus-</span> 
     </span>
     <span class='ocr_line' id='line_1_4' title="bbox 115 565 1775 617; baseline 0.001 -11"><span class='ocrx_word' id='word_1_29' title='bbox 115 567 271 616; x_wconf 84' lang='lat' dir='ltr'>citatio,</span> <span class='ocrx_word' id='word_1_30' title='bbox 288 579 394 617; x_wconf 90' lang='lat' dir='ltr'>quae</span> <span class='ocrx_word' id='word_1_31' title='bbox 408 571 497 605; x_wconf 88' lang='lat' dir='ltr'>erat</span> <span class='ocrx_word' id='word_1_32' title='bbox 511 579 632 616; x_wconf 89' lang='lat' dir='ltr'>super</span> <span class='ocrx_word' id='word_1_33' title='bbox 646 565 793 604; x_wconf 83' lang='lat' dir='ltr'>faciem</span> <span class='ocrx_word' id='word_1_34' title='bbox 807 566 939 605; x_wconf 87' lang='lat' dir='ltr'>omnis</span> <span class='ocrx_word' id='word_1_35' title='bbox 954 571 1100 614; x_wconf 87' lang='lat' dir='ltr'>terrae,</span> <span class='ocrx_word' id='word_1_36' title='bbox 1114 566 1167 605; x_wconf 93' lang='lat' dir='ltr'>ab</span> <span class='ocrx_word' id='word_1_37' title='bbox 1183 565 1348 604; x_wconf 91' lang='lat' dir='ltr'>homine</span> <span class='ocrx_word' id='word_1_38' title='bbox 1364 579 1492 616; x_wconf 90' lang='lat' dir='ltr'>usque</span> <span class='ocrx_word' id='word_1_39' title='bbox 1507 566 1562 606; x_wconf 92' lang='lat' dir='ltr'>ad</span> <span class='ocrx_word' id='word_1_40' title='bbox 1575 567 1775 617; x_wconf 84' lang='lat' dir='ltr'>pecudem</span> 
     </span>
     <span class='ocr_line' id='line_1_5' title="bbox 114 631 1771 684; baseline 0.001 -12"><span class='ocrx_word' id='word_1_41' title='bbox 114 639 156 672; x_wconf 91' lang='lat' dir='ltr'>et</span> <span class='ocrx_word' id='word_1_42' title='bbox 172 633 404 684; x_wconf 87' lang='lat' dir='ltr'>repentium</span> <span class='ocrx_word' id='word_1_43' title='bbox 420 638 462 671; x_wconf 93' lang='lat' dir='ltr'>et</span> <span class='ocrx_word' id='word_1_44' title='bbox 474 631 708 671; x_wconf 81' lang='lat' dir='ltr'>volatilium</span> <span class='ocrx_word' id='word_1_45' title='bbox 724 631 837 681; x_wconf 90' lang='lat' dir='ltr'>caeli,</span> <span class='ocrx_word' id='word_1_46' title='bbox 855 637 897 670; x_wconf 88' lang='lat' dir='ltr'>et</span> <span class='ocrx_word' id='word_1_47' title='bbox 913 631 1049 671; x_wconf 90' lang='lat' dir='ltr'>deleta</span> <span class='ocrx_word' id='word_1_48' title='bbox 1065 637 1163 671; x_wconf 87' lang='lat' dir='ltr'>sunt</span> <span class='ocrx_word' id='word_1_49' title='bbox 1179 632 1229 671; x_wconf 90' lang='lat' dir='ltr'>de</span> <span class='ocrx_word' id='word_1_50' title='bbox 1245 637 1368 680; x_wconf 86' lang='lat' dir='ltr'>terra,</span> <span class='ocrx_word' id='word_1_51' title='bbox 1426 645 1486 680; x_wconf 88' lang='lat'>24.</span> <span class='ocrx_word' id='word_1_52' title='bbox 1517 633 1573 671; x_wconf 89' lang='lat' dir='ltr'>Et</span> <span class='ocrx_word' id='word_1_53' title='bbox 1588 633 1771 673; x_wconf 82' lang='lat' dir='ltr'>exaltata</span> 
     </span>
     <span class='ocr_line' id='line_1_6' title="bbox 114 697 1261 750; baseline -0.001 -12"><span class='ocrx_word' id='word_1_54' title='bbox 114 705 176 739; x_wconf 88' lang='lat' dir='ltr'>est</span> <span class='ocrx_word' id='word_1_55' title='bbox 197 712 307 750; x_wconf 89' lang='lat' dir='ltr'>aqua</span> <span class='ocrx_word' id='word_1_56' title='bbox 329 712 449 750; x_wconf 88' lang='lat' dir='ltr'>super</span> <span class='ocrx_word' id='word_1_57' title='bbox 471 704 625 738; x_wconf 86' lang='lat' dir='ltr'>terram</span> <span class='ocrx_word' id='word_1_58' title='bbox 647 704 815 738; x_wconf 90' lang='lat' dir='ltr'>centum</span> <span class='ocrx_word' id='word_1_59' title='bbox 837 698 1139 749; x_wconf 86' lang='lat' dir='ltr'>quinquaginta</span> <span class='ocrx_word' id='word_1_60' title='bbox 1162 697 1261 737; x_wconf 86' lang='lat' dir='ltr'>dies.</span> 
     </span>
    </p>
   </div>
   <div class='ocr_carea' id='block_1_3' title="bbox 835 818 1054 852">
    <p class='ocr_par' dir='ltr' id='par_1_3' title="bbox 835 818 1054 852">
     <span class='ocr_line' id='line_1_7' title="bbox 835 818 1054 852; baseline 0 -1"><span class='ocrx_word' id='word_1_61' title='bbox 835 818 1010 852; x_wconf 78' lang='lat' dir='ltr'>CHAPTER</span> <span class='ocrx_word' id='word_1_62' title='bbox 1034 819 1054 851; x_wconf 88' lang='grc'>8</span> 
     </span>
    </p>
   </div>
   <div class='ocr_carea' id='block_1_4' title="bbox 83 897 1774 1616">
    <p class='ocr_par' dir='ltr' id='par_1_4' title="bbox 83 897 1774 1616">
     <span class='ocr_line' id='line_1_8' title="bbox 191 897 1774 953; baseline 0 -15"><span class='ocrx_word' id='word_1_63' title='bbox 191 913 228 948; x_wconf 93' lang='lat'>4.</span> <span class='ocrx_word' id='word_1_64' title='bbox 258 900 314 938; x_wconf 92' lang='lat' dir='ltr'>Et</span> <span class='ocrx_word' id='word_1_65' title='bbox 332 899 438 938; x_wconf 86' lang='lat' dir='ltr'>sedit</span> <span class='ocrx_word' id='word_1_66' title='bbox 456 911 551 938; x_wconf 86' lang='lat' dir='ltr'>arca</span> <span class='ocrx_word' id='word_1_67' title='bbox 568 898 610 937; x_wconf 90' lang='lat' dir='ltr'>in</span> <span class='ocrx_word' id='word_1_68' title='bbox 622 911 767 953; x_wconf 48' lang='lat' dir='ltr'>&#39;mense</span> <span class='ocrx_word' id='word_1_69' title='bbox 785 898 961 949; x_wconf 89' lang='lat' dir='ltr'>septimo</span> <span class='ocrx_word' id='word_1_70' title='bbox 979 897 1157 949; x_wconf 88' lang='lat' dir='ltr'>septima</span> <span class='ocrx_word' id='word_1_71' title='bbox 1175 903 1217 937; x_wconf 89' lang='lat' dir='ltr'>et</span> <span class='ocrx_word' id='word_1_72' title='bbox 1235 897 1459 937; x_wconf 88' lang='lat' dir='ltr'>vicensima</span> <span class='ocrx_word' id='word_1_73' title='bbox 1478 898 1628 937; x_wconf 83' lang='lat' dir='ltr'>mensis</span> <span class='ocrx_word' id='word_1_74' title='bbox 1652 911 1774 949; x_wconf 91' lang='lat' dir='ltr'>super</span> 
     </span>
     <span class='ocr_line' id='line_1_9' title="bbox 112 964 1772 1016; baseline -0.001 -11"><span class='ocrx_word' id='word_1_75' title='bbox 112 971 274 1005; x_wconf 90' lang='lat' dir='ltr'>montes</span> <span class='ocrx_word' id='word_1_76' title='bbox 311 966 475 1004; x_wconf 90' lang='lat' dir='ltr'>Ararat.</span> <span class='ocrx_word' id='word_1_77' title='bbox 533 976 568 1016; x_wconf 89' lang='lat'>5.</span> <span class='ocrx_word' id='word_1_78' title='bbox 597 965 718 1016; x_wconf 83' lang='lat' dir='ltr'><strong>Aqua</strong></span> <span class='ocrx_word' id='word_1_79' title='bbox 756 970 899 1004; x_wconf 91' lang='lat' dir='ltr'>autem</span> <span class='ocrx_word' id='word_1_80' title='bbox 938 964 1203 1003; x_wconf 89' lang='lat' dir='ltr'>minuebatur</span> <span class='ocrx_word' id='word_1_81' title='bbox 1242 977 1372 1016; x_wconf 89' lang='lat' dir='ltr'>usque</span> <span class='ocrx_word' id='word_1_82' title='bbox 1411 964 1466 1004; x_wconf 91' lang='lat' dir='ltr'>ad</span> <span class='ocrx_word' id='word_1_83' title='bbox 1504 965 1772 1005; x_wconf 91' lang='lat' dir='ltr'>undecimum</span> 
     </span>
     <span class='ocr_line' id='line_1_10' title="bbox 111 1030 1768 1082; baseline -0.001 -11"><span class='ocrx_word' id='word_1_84' title='bbox 111 1045 311 1071; x_wconf 89' lang='lat' dir='ltr'>mensem:</span> <span class='ocrx_word' id='word_1_85' title='bbox 344 1032 388 1071; x_wconf 90' lang='lat' dir='ltr'>in</span> <span class='ocrx_word' id='word_1_86' title='bbox 408 1031 626 1071; x_wconf 90' lang='lat' dir='ltr'>undecimo</span> <span class='ocrx_word' id='word_1_87' title='bbox 646 1037 788 1070; x_wconf 86' lang='lat' dir='ltr'>autem</span> <span class='ocrx_word' id='word_1_88' title='bbox 809 1044 947 1070; x_wconf 92' lang='lat' dir='ltr'>mense</span> <span class='ocrx_word' id='word_1_89' title='bbox 967 1031 1101 1082; x_wconf 89' lang='lat' dir='ltr'>prima</span> <span class='ocrx_word' id='word_1_90' title='bbox 1123 1030 1188 1070; x_wconf 90' lang='lat' dir='ltr'>die</span> <span class='ocrx_word' id='word_1_91' title='bbox 1209 1031 1360 1071; x_wconf 82' lang='lat' dir='ltr'>mensis</span> <span class='ocrx_word' id='word_1_92' title='bbox 1379 1037 1607 1082; x_wconf 90' lang='lat' dir='ltr'>paruerunt</span> <span class='ocrx_word' id='word_1_93' title='bbox 1629 1031 1768 1082; x_wconf 89' lang='lat' dir='ltr'>capita</span> 
     </span>
     <span class='ocr_line' id='line_1_11' title="bbox 112 1097 1772 1149; baseline -0.001 -11"><span class='ocrx_word' id='word_1_94' title='bbox 112 1099 330 1138; x_wconf 89' lang='lat' dir='ltr'>montium.</span> <span class='ocrx_word' id='word_1_95' title='bbox 388 1110 422 1148; x_wconf 89' lang='lat'>7.</span> <span class='ocrx_word' id='word_1_96' title='bbox 452 1098 622 1137; x_wconf 89' lang='lat' dir='ltr'>Dimisit</span> <span class='ocrx_word' id='word_1_97' title='bbox 647 1110 818 1137; x_wconf 86' lang='lat' dir='ltr'>corvum</span> <span class='ocrx_word' id='word_1_98' title='bbox 840 1097 991 1146; x_wconf 85' lang='lat' dir='ltr'>videre,</span> <span class='ocrx_word' id='word_1_99' title='bbox 1015 1097 1048 1137; x_wconf 89' lang='lat' dir='ltr'>si</span> <span class='ocrx_word' id='word_1_100' title='bbox 1067 1097 1243 1137; x_wconf 81' lang='lat' dir='ltr'>cessavit</span> <span class='ocrx_word' id='word_1_101' title='bbox 1262 1111 1389 1149; x_wconf 88' lang='lat' dir='ltr'>aqua;</span> <span class='ocrx_word' id='word_1_102' title='bbox 1421 1103 1464 1137; x_wconf 88' lang='lat' dir='ltr'>et</span> <span class='ocrx_word' id='word_1_103' title='bbox 1483 1098 1620 1137; x_wconf 85' lang='lat' dir='ltr'>exiens</span> <span class='ocrx_word' id='word_1_104' title='bbox 1640 1111 1772 1137; x_wconf 88' lang='lat' dir='ltr'>rever-</span> 
     </span>
     <span class='ocr_line' id='line_1_12' title="bbox 112 1165 1769 1216; baseline 0 -12"><span class='ocrx_word' id='word_1_105' title='bbox 112 1178 180 1205; x_wconf 87' lang='lat' dir='ltr'>sus</span> <span class='ocrx_word' id='word_1_106' title='bbox 199 1178 283 1204; x_wconf 91' lang='lat' dir='ltr'>non</span> <span class='ocrx_word' id='word_1_107' title='bbox 303 1171 378 1214; x_wconf 90' lang='lat' dir='ltr'>est,</span> <span class='ocrx_word' id='word_1_108' title='bbox 400 1165 529 1204; x_wconf 90' lang='lat' dir='ltr'>donec</span> <span class='ocrx_word' id='word_1_109' title='bbox 549 1165 720 1204; x_wconf 85' lang='lat' dir='ltr'>siccavit</span> <span class='ocrx_word' id='word_1_110' title='bbox 739 1177 849 1216; x_wconf 90' lang='lat' dir='ltr'>aqua</span> <span class='ocrx_word' id='word_1_111' title='bbox 868 1178 893 1203; x_wconf 92' lang='lat' dir='ltr'>a</span> <span class='ocrx_word' id='word_1_112' title='bbox 913 1170 1035 1204; x_wconf 87' lang='lat' dir='ltr'>terra.</span> <span class='ocrx_word' id='word_1_113' title='bbox 1092 1178 1128 1215; x_wconf 88' lang='lat'>9.</span> <span class='ocrx_word' id='word_1_114' title='bbox 1159 1165 1216 1204; x_wconf 91' lang='lat' dir='ltr'>Et</span> <span class='ocrx_word' id='word_1_115' title='bbox 1235 1165 1421 1204; x_wconf 83' lang='lat' dir='ltr'>extendit</span> <span class='ocrx_word' id='word_1_116' title='bbox 1442 1177 1614 1204; x_wconf 89' lang='lat' dir='ltr'>manum</span> <span class='ocrx_word' id='word_1_117' title='bbox 1637 1177 1769 1214; x_wconf 91' lang='lat' dir='ltr'>suam,</span> 
     </span>
     <span class='ocr_line' id='line_1_13' title="bbox 111 1231 1772 1283; baseline -0.001 -12"><span class='ocrx_word' id='word_1_118' title='bbox 111 1232 271 1283; x_wconf 90' lang='lat' dir='ltr'>accepit</span> <span class='ocrx_word' id='word_1_119' title='bbox 286 1245 378 1271; x_wconf 90' lang='lat' dir='ltr'>eam</span> <span class='ocrx_word' id='word_1_120' title='bbox 394 1237 435 1270; x_wconf 90' lang='lat' dir='ltr'>et</span> <span class='ocrx_word' id='word_1_121' title='bbox 450 1231 614 1271; x_wconf 73' lang='lat' dir='ltr'>indum‘t</span> <span class='ocrx_word' id='word_1_122' title='bbox 629 1244 722 1270; x_wconf 89' lang='lat' dir='ltr'>eam</span> <span class='ocrx_word' id='word_1_123' title='bbox 736 1231 791 1271; x_wconf 92' lang='lat' dir='ltr'>ad</span> <span class='ocrx_word' id='word_1_124' title='bbox 806 1236 936 1270; x_wconf 90' lang='lat' dir='ltr'>semet</span> <span class='ocrx_word' id='word_1_125' title='bbox 951 1231 1088 1282; x_wconf 88' lang='lat' dir='ltr'>ipsum</span> <span class='ocrx_word' id='word_1_126' title='bbox 1103 1231 1147 1270; x_wconf 91' lang='lat' dir='ltr'>in</span> <span class='ocrx_word' id='word_1_127' title='bbox 1167 1244 1319 1271; x_wconf 88' lang='lat' dir='ltr'>arcam.</span> <span class='ocrx_word' id='word_1_128' title='bbox 1379 1245 1396 1270; x_wconf 92' lang='lat'>1</span> <span class='ocrx_word' id='word_1_129' title='bbox 1406 1245 1423 1274; x_wconf 84' lang='lat'>1</span> <span class='ocrx_word' id='word_1_130' title='bbox 1431 1262 1602 1271; x_wconf 89' lang='lat'><strong><em>.....</em></strong></span> <span class='ocrx_word' id='word_1_131' title='bbox 1633 1231 1772 1271; x_wconf 90' lang='lat' dir='ltr'>Habe-</span> 
     </span>
     <span class='ocr_line' id='line_1_14' title="bbox 111 1298 1772 1349; baseline -0.001 -11"><span class='ocrx_word' id='word_1_132' title='bbox 111 1298 186 1338; x_wconf 90' lang='lat' dir='ltr'>bat</span> <span class='ocrx_word' id='word_1_133' title='bbox 211 1299 344 1338; x_wconf 87' lang='lat' dir='ltr'>olivae</span> <span class='ocrx_word' id='word_1_134' title='bbox 370 1298 469 1337; x_wconf 73' lang='lat' dir='ltr'>folia</span> <span class='ocrx_word' id='word_1_135' title='bbox 495 1298 703 1337; x_wconf 88' lang='lat' dir='ltr'>surculum</span> <span class='ocrx_word' id='word_1_136' title='bbox 728 1298 771 1336; x_wconf 92' lang='lat' dir='ltr'>in</span> <span class='ocrx_word' id='word_1_137' title='bbox 797 1311 866 1337; x_wconf 89' lang='lat' dir='ltr'>ore</span> <span class='ocrx_word' id='word_1_138' title='bbox 893 1310 980 1337; x_wconf 90' lang='lat' dir='ltr'>suo.</span> <span class='ocrx_word' id='word_1_139' title='bbox 1040 1311 1084 1336; x_wconf 89' lang='lat'>12</span> <span class='ocrx_word' id='word_1_140' title='bbox 1092 1329 1262 1338; x_wconf 91' lang='grc'><strong>.....</strong></span> <span class='ocrx_word' id='word_1_141' title='bbox 1293 1298 1350 1337; x_wconf 90' lang='lat' dir='ltr'>Et</span> <span class='ocrx_word' id='word_1_142' title='bbox 1375 1311 1459 1337; x_wconf 91' lang='lat' dir='ltr'>non</span> <span class='ocrx_word' id='word_1_143' title='bbox 1486 1298 1684 1349; x_wconf 80' lang='lat' dir='ltr'>adposuit</span> <span class='ocrx_word' id='word_1_144' title='bbox 1710 1311 1772 1337; x_wconf 91' lang='lat' dir='ltr'>re-</span> 
     </span>
     <span class='ocr_line' id='line_1_15' title="bbox 83 1364 1770 1416; baseline -0.001 -12"><span class='ocrx_word' id='word_1_145' title='bbox 83 1391 90 1398; x_wconf 43' lang='grc' dir='ltr'><em>ι</em></span> <span class='ocrx_word' id='word_1_146' title='bbox 111 1365 218 1405; x_wconf 87' lang='lat' dir='ltr'>verti</span> <span class='ocrx_word' id='word_1_147' title='bbox 237 1365 292 1405; x_wconf 89' lang='lat' dir='ltr'>ad</span> <span class='ocrx_word' id='word_1_148' title='bbox 312 1378 406 1404; x_wconf 91' lang='lat' dir='ltr'>eum</span> <span class='ocrx_word' id='word_1_149' title='bbox 425 1365 615 1416; x_wconf 91' lang='lat' dir='ltr'>amplius.</span> <span class='ocrx_word' id='word_1_150' title='bbox 673 1378 717 1403; x_wconf 88' lang='lat'>21</span> <span class='ocrx_word' id='word_1_151' title='bbox 726 1396 896 1404; x_wconf 87' lang='grc'><strong>.....</strong></span> <span class='ocrx_word' id='word_1_152' title='bbox 925 1377 1009 1403; x_wconf 92' lang='lat' dir='ltr'>non</span> <span class='ocrx_word' id='word_1_153' title='bbox 1029 1364 1206 1404; x_wconf 82' lang='lat' dir='ltr'>adiciam</span> <span class='ocrx_word' id='word_1_154' title='bbox 1226 1364 1363 1404; x_wconf 88' lang='lat' dir='ltr'>adhuc</span> <span class='ocrx_word' id='word_1_155' title='bbox 1384 1364 1627 1405; x_wconf 79' lang='lat' dir='ltr'>maledicere</span> <span class='ocrx_word' id='word_1_156' title='bbox 1648 1377 1770 1415; x_wconf 90' lang='lat' dir='ltr'>super</span> 
     </span>
     <span class='ocr_line' id='line_1_16' title="bbox 109 1431 1772 1483; baseline 0 -12"><span class='ocrx_word' id='word_1_157' title='bbox 109 1438 264 1472; x_wconf 89' lang='lat' dir='ltr'>terram</span> <span class='ocrx_word' id='word_1_158' title='bbox 281 1437 450 1483; x_wconf 90' lang='lat' dir='ltr'>propter</span> <span class='ocrx_word' id='word_1_159' title='bbox 469 1444 593 1482; x_wconf 90' lang='lat' dir='ltr'>opera</span> <span class='ocrx_word' id='word_1_160' title='bbox 613 1431 841 1480; x_wconf 89' lang='lat' dir='ltr'>hominum,</span> <span class='ocrx_word' id='word_1_161' title='bbox 862 1431 960 1482; x_wconf 89' lang='lat' dir='ltr'>quia</span> <span class='ocrx_word' id='word_1_162' title='bbox 979 1431 1172 1482; x_wconf 88' lang='lat' dir='ltr'>adposita</span> <span class='ocrx_word' id='word_1_163' title='bbox 1192 1437 1255 1470; x_wconf 91' lang='lat' dir='ltr'>est</span> <span class='ocrx_word' id='word_1_164' title='bbox 1276 1444 1391 1470; x_wconf 91' lang='lat' dir='ltr'>mens</span> <span class='ocrx_word' id='word_1_165' title='bbox 1410 1431 1589 1471; x_wconf 88' lang='lat' dir='ltr'>hominis</span> <span class='ocrx_word' id='word_1_166' title='bbox 1608 1431 1664 1471; x_wconf 90' lang='lat' dir='ltr'>ad</span> <span class='ocrx_word' id='word_1_167' title='bbox 1684 1444 1772 1471; x_wconf 92' lang='lat' dir='ltr'>ma-</span> 
     </span>
     <span class='ocr_line' id='line_1_17' title="bbox 109 1497 1772 1549; baseline -0.001 -11"><span class='ocrx_word' id='word_1_168' title='bbox 109 1499 219 1549; x_wconf 90' lang='lat' dir='ltr'>ligna</span> <span class='ocrx_word' id='word_1_169' title='bbox 243 1512 268 1538; x_wconf 93' lang='lat' dir='ltr'>a</span> <span class='ocrx_word' id='word_1_170' title='bbox 290 1499 521 1538; x_wconf 90' lang='lat' dir='ltr'>iuventute.</span> <span class='ocrx_word' id='word_1_171' title='bbox 576 1498 674 1538; x_wconf 93' lang='lat' dir='ltr'>Non</span> <span class='ocrx_word' id='word_1_172' title='bbox 698 1497 875 1537; x_wconf 91' lang='lat' dir='ltr'>adiciam</span> <span class='ocrx_word' id='word_1_173' title='bbox 898 1510 992 1548; x_wconf 88' lang='lat' dir='ltr'>ergo</span> <span class='ocrx_word' id='word_1_174' title='bbox 1017 1497 1153 1538; x_wconf 87' lang='lat' dir='ltr'>adhuc</span> <span class='ocrx_word' id='word_1_175' title='bbox 1176 1503 1389 1549; x_wconf 88' lang='lat' dir='ltr'>percutere</span> <span class='ocrx_word' id='word_1_176' title='bbox 1413 1511 1581 1537; x_wconf 91' lang='lat' dir='ltr'>omnem</span> <span class='ocrx_word' id='word_1_177' title='bbox 1604 1510 1772 1538; x_wconf 91' lang='lat' dir='ltr'>carnem</span> 
     </span>
     <span class='ocr_line' id='line_1_18' title="bbox 110 1564 770 1616; baseline -0.002 -11"><span class='ocrx_word' id='word_1_178' title='bbox 110 1565 266 1614; x_wconf 86' lang='lat' dir='ltr'>vivam,</span> <span class='ocrx_word' id='word_1_179' title='bbox 297 1565 648 1616; x_wconf 88' lang='lat' dir='ltr'>quemadmodum</span> <span class='ocrx_word' id='word_1_180' title='bbox 676 1564 770 1604; x_wconf 79' lang='lat' dir='ltr'>feci.</span> 
     </span>
    </p>
   </div>
   <div class='ocr_carea' id='block_1_5' title="bbox 109 1650 1771 1916">
    <p class='ocr_par' dir='ltr' id='par_1_5' title="bbox 109 1650 1771 1916">
     <span class='ocr_line' id='line_1_19' title="bbox 834 1650 1052 1692; baseline -0.005 -8"><span class='ocrx_word' id='word_1_181' title='bbox 834 1650 1009 1684; x_wconf 84' lang='lat' dir='ltr'><strong>CHAPTER</strong></span> <span class='ocrx_word' id='word_1_182' title='bbox 1031 1663 1052 1692; x_wconf 89' lang='lat'>9</span> 
     </span>
     <span class='ocr_line' id='line_1_20' title="bbox 191 1731 1771 1782; baseline -0.001 -10"><span class='ocrx_word' id='word_1_183' title='bbox 191 1746 208 1771; x_wconf 85' lang='lat'>1</span> <span class='ocrx_word' id='word_1_184' title='bbox 216 1763 385 1772; x_wconf 89' lang='grc'><strong>.....</strong></span> <span class='ocrx_word' id='word_1_185' title='bbox 430 1731 611 1771; x_wconf 88' lang='lat' dir='ltr'>Crescite</span> <span class='ocrx_word' id='word_1_186' title='bbox 639 1736 681 1770; x_wconf 84' lang='lat' dir='ltr'>et</span> <span class='ocrx_word' id='word_1_187' title='bbox 709 1731 1041 1782; x_wconf 86' lang='lat' dir='ltr'>multiplicamini</span> <span class='ocrx_word' id='word_1_188' title='bbox 1070 1736 1112 1771; x_wconf 92' lang='lat' dir='ltr'>et</span> <span class='ocrx_word' id='word_1_189' title='bbox 1140 1731 1295 1782; x_wconf 87' lang='lat' dir='ltr'>replete</span> <span class='ocrx_word' id='word_1_190' title='bbox 1325 1737 1480 1771; x_wconf 89' lang='lat' dir='ltr'>terram</span> <span class='ocrx_word' id='word_1_191' title='bbox 1510 1737 1552 1771; x_wconf 85' lang='lat' dir='ltr'>et</span> <span class='ocrx_word' id='word_1_192' title='bbox 1583 1731 1771 1772; x_wconf 89' lang='lat' dir='ltr'>domina-</span> 
     </span>
     <span class='ocr_line' id='line_1_21' title="bbox 110 1798 1725 1849; baseline 0 -11"><span class='ocrx_word' id='word_1_193' title='bbox 110 1799 210 1838; x_wconf 90' lang='lat' dir='ltr'>mini</span> <span class='ocrx_word' id='word_1_194' title='bbox 229 1799 327 1839; x_wconf 89' lang='lat' dir='ltr'>eius.</span> <span class='ocrx_word' id='word_1_195' title='bbox 385 1809 420 1849; x_wconf 86' lang='lat'>5.</span> <span class='ocrx_word' id='word_1_196' title='bbox 450 1798 506 1837; x_wconf 87' lang='lat' dir='ltr'>Et</span> <span class='ocrx_word' id='word_1_197' title='bbox 525 1798 635 1838; x_wconf 90' lang='lat' dir='ltr'>enim</span> <span class='ocrx_word' id='word_1_198' title='bbox 653 1804 839 1837; x_wconf 86' lang='lat' dir='ltr'>vestrum</span> <span class='ocrx_word' id='word_1_199' title='bbox 857 1798 1099 1848; x_wconf 88' lang='lat' dir='ltr'>sanguinem</span> <span class='ocrx_word' id='word_1_200' title='bbox 1118 1798 1352 1837; x_wconf 91' lang='lat' dir='ltr'>animarum</span> <span class='ocrx_word' id='word_1_201' title='bbox 1371 1804 1604 1838; x_wconf 89' lang='lat' dir='ltr'>vestrarum</span> <span class='ocrx_word' id='word_1_202' title='bbox 1634 1830 1642 1839; x_wconf 94' lang='lat'>.</span> <span class='ocrx_word' id='word_1_203' title='bbox 1675 1830 1683 1838; x_wconf 95' lang='lat'>.</span> <span class='ocrx_word' id='word_1_204' title='bbox 1716 1830 1725 1838; x_wconf 91' lang='lat'>.</span> 
     </span>
     <span class='ocr_line' id='line_1_22' title="bbox 109 1864 1771 1916; baseline -0.001 -10"><span class='ocrx_word' id='word_1_205' title='bbox 109 1872 151 1906; x_wconf 91' lang='lat' dir='ltr'>et</span> <span class='ocrx_word' id='word_1_206' title='bbox 170 1866 221 1906; x_wconf 92' lang='lat' dir='ltr'>de</span> <span class='ocrx_word' id='word_1_207' title='bbox 239 1878 367 1905; x_wconf 90' lang='lat' dir='ltr'>manu</span> <span class='ocrx_word' id='word_1_208' title='bbox 384 1865 562 1904; x_wconf 85' lang='lat' dir='ltr'>hominis</span> <span class='ocrx_word' id='word_1_209' title='bbox 580 1864 720 1904; x_wconf 76' lang='lat' dir='ltr'>fratris</span> <span class='ocrx_word' id='word_1_210' title='bbox 738 1865 952 1916; x_wconf 83' lang='lat' dir='ltr'>exquiram</span> <span class='ocrx_word' id='word_1_211' title='bbox 970 1865 1154 1904; x_wconf 90' lang='lat' dir='ltr'>animam</span> <span class='ocrx_word' id='word_1_212' title='bbox 1173 1864 1364 1904; x_wconf 87' lang='lat' dir='ltr'>hominis.</span> <span class='ocrx_word' id='word_1_213' title='bbox 1424 1878 1468 1904; x_wconf 89' lang='lat'>12</span> <span class='ocrx_word' id='word_1_214' title='bbox 1475 1896 1648 1905; x_wconf 94' lang='grc'><strong>.....</strong></span> <span class='ocrx_word' id='word_1_215' title='bbox 1678 1866 1771 1905; x_wconf 93' lang='lat' dir='ltr'>Hoc</span> 
     </span>
    </p>
   </div>
   <div class='ocr_carea' id='block_1_6' title="bbox 108 1931 1771 2239">
    <p class='ocr_par' dir='ltr' id='par_1_6' title="bbox 108 1931 1769 1984">
     <span class='ocr_line' id='line_1_23' title="bbox 108 1931 1769 1984; baseline -0.001 -12"><span class='ocrx_word' id='word_1_216' title='bbox 108 1933 270 1984; x_wconf 87' lang='lat' dir='ltr'>signum</span> <span class='ocrx_word' id='word_1_217' title='bbox 287 1931 542 1980; x_wconf 84' lang='lat' dir='ltr'>testamenti,</span> <span class='ocrx_word' id='word_1_218' title='bbox 563 1931 676 1983; x_wconf 91' lang='lat' dir='ltr'>quod</span> <span class='ocrx_word' id='word_1_219' title='bbox 693 1944 768 1982; x_wconf 93' lang='lat' dir='ltr'>ego</span> <span class='ocrx_word' id='word_1_220' title='bbox 786 1945 896 1983; x_wconf 92' lang='lat' dir='ltr'>pono</span> <span class='ocrx_word' id='word_1_221' title='bbox 914 1931 1022 1971; x_wconf 87' lang='lat' dir='ltr'>inter</span> <span class='ocrx_word' id='word_1_222' title='bbox 1041 1931 1225 1971; x_wconf 90' lang='lat' dir='ltr'>medium</span> <span class='ocrx_word' id='word_1_223' title='bbox 1239 1945 1378 1971; x_wconf 91' lang='lat' dir='ltr'>meum</span> <span class='ocrx_word' id='word_1_224' title='bbox 1393 1937 1435 1971; x_wconf 91' lang='lat' dir='ltr'>et</span> <span class='ocrx_word' id='word_1_225' title='bbox 1450 1937 1649 1972; x_wconf 89' lang='lat' dir='ltr'>vestrum.</span> <span class='ocrx_word' id='word_1_226' title='bbox 1708 1945 1769 1972; x_wconf 87' lang='lat'>21.</span> 
     </span>
    </p>

    <p class='ocr_par' dir='ltr' id='par_1_7' title="bbox 110 1997 1771 2239">
     <span class='ocr_line' id='line_1_24' title="bbox 193 1997 1770 2049; baseline -0.001 -10"><span class='ocrx_word' id='word_1_227' title='bbox 193 2031 201 2040; x_wconf 92' lang='lat'>.</span> <span class='ocrx_word' id='word_1_228' title='bbox 233 2031 241 2039; x_wconf 92' lang='lat'>.</span> <span class='ocrx_word' id='word_1_229' title='bbox 270 2005 313 2039; x_wconf 88' lang='lat' dir='ltr'>et</span> <span class='ocrx_word' id='word_1_230' title='bbox 340 1998 567 2038; x_wconf 90' lang='lat' dir='ltr'>inebriatus</span> <span class='ocrx_word' id='word_1_231' title='bbox 596 2004 658 2037; x_wconf 87' lang='lat' dir='ltr'>est</span> <span class='ocrx_word' id='word_1_232' title='bbox 686 2004 729 2038; x_wconf 89' lang='lat' dir='ltr'>et</span> <span class='ocrx_word' id='word_1_233' title='bbox 757 1998 940 2038; x_wconf 87' lang='lat' dir='ltr'>nudatus</span> <span class='ocrx_word' id='word_1_234' title='bbox 968 2004 1031 2038; x_wconf 89' lang='lat' dir='ltr'>est</span> <span class='ocrx_word' id='word_1_235' title='bbox 1059 1998 1101 2037; x_wconf 93' lang='lat' dir='ltr'>in</span> <span class='ocrx_word' id='word_1_236' title='bbox 1131 1997 1257 2038; x_wconf 91' lang='lat' dir='ltr'>domo</span> <span class='ocrx_word' id='word_1_237' title='bbox 1276 2011 1363 2038; x_wconf 89' lang='lat' dir='ltr'>su0.</span> <span class='ocrx_word' id='word_1_238' title='bbox 1423 2009 1484 2049; x_wconf 85' lang='lat'>25.</span> <span class='ocrx_word' id='word_1_239' title='bbox 1517 1998 1770 2038; x_wconf 88' lang='lat' dir='ltr'>Maledictus</span> 
     </span>
     <span class='ocr_line' id='line_1_25' title="bbox 110 2064 1769 2116; baseline -0.001 -10"><span class='ocrx_word' id='word_1_240' title='bbox 110 2065 311 2106; x_wconf 89' lang='lat' dir='ltr'>Chanaan</span> <span class='ocrx_word' id='word_1_241' title='bbox 341 2078 456 2116; x_wconf 85' lang='lat' dir='ltr'>puer,</span> <span class='ocrx_word' id='word_1_242' title='bbox 487 2065 668 2105; x_wconf 79' lang='lat' dir='ltr'>famulus</span> <span class='ocrx_word' id='word_1_243' title='bbox 698 2065 775 2104; x_wconf 88' lang='lat' dir='ltr'>erit</span> <span class='ocrx_word' id='word_1_244' title='bbox 805 2065 1003 2105; x_wconf 83' lang='lat' dir='ltr'>fratribus</span> <span class='ocrx_word' id='word_1_245' title='bbox 1034 2065 1129 2104; x_wconf 89' lang='lat' dir='ltr'>suis.</span> <span class='ocrx_word' id='word_1_246' title='bbox 1189 2066 1249 2105; x_wconf 90' lang='lat'>26.</span> <span class='ocrx_word' id='word_1_247' title='bbox 1280 2064 1530 2105; x_wconf 83' lang='lat' dir='ltr'>Benedictus</span> <span class='ocrx_word' id='word_1_248' title='bbox 1562 2065 1769 2105; x_wconf 87' lang='lat' dir='ltr'>Dominus</span> 
     </span>
     <span class='ocr_line' id='line_1_26' title="bbox 110 2131 1771 2183; baseline 0 -11"><span class='ocrx_word' id='word_1_249' title='bbox 110 2134 226 2172; x_wconf 91' lang='lat' dir='ltr'>Deus</span> <span class='ocrx_word' id='word_1_250' title='bbox 251 2133 345 2172; x_wconf 89' lang='lat' dir='ltr'>Sem</span> <span class='ocrx_word' id='word_1_251' title='bbox 370 2138 412 2171; x_wconf 90' lang='lat' dir='ltr'>et</span> <span class='ocrx_word' id='word_1_252' title='bbox 436 2132 515 2171; x_wconf 89' lang='lat' dir='ltr'>erit</span> <span class='ocrx_word' id='word_1_253' title='bbox 541 2131 743 2171; x_wconf 89' lang='lat' dir='ltr'>Chanaan</span> <span class='ocrx_word' id='word_1_254' title='bbox 768 2145 869 2183; x_wconf 91' lang='lat' dir='ltr'>puer</span> <span class='ocrx_word' id='word_1_255' title='bbox 894 2132 1014 2171; x_wconf 87' lang='lat' dir='ltr'>illius.</span> <span class='ocrx_word' id='word_1_256' title='bbox 1073 2144 1134 2182; x_wconf 91' lang='grc'>27.</span> <span class='ocrx_word' id='word_1_257' title='bbox 1163 2131 1356 2171; x_wconf 89' lang='lat' dir='ltr'>Latificet</span> <span class='ocrx_word' id='word_1_258' title='bbox 1382 2133 1497 2171; x_wconf 88' lang='lat' dir='ltr'>Deus</span> <span class='ocrx_word' id='word_1_259' title='bbox 1522 2132 1703 2183; x_wconf 86' lang='lat' dir='ltr'>Iapheth</span> <span class='ocrx_word' id='word_1_260' title='bbox 1728 2138 1771 2172; x_wconf 92' lang='lat' dir='ltr'>et</span> 
     </span>
     <span class='ocr_line' id='line_1_27' title="bbox 111 2198 674 2239; baseline -0.004 0"><span class='ocrx_word' id='word_1_261' title='bbox 111 2199 273 2239; x_wconf 87' lang='lat' dir='ltr'>habitet</span> <span class='ocrx_word' id='word_1_262' title='bbox 294 2199 337 2237; x_wconf 92' lang='lat' dir='ltr'>in</span> <span class='ocrx_word' id='word_1_263' title='bbox 357 2198 548 2238; x_wconf 87' lang='lat' dir='ltr'>domibus</span> <span class='ocrx_word' id='word_1_264' title='bbox 568 2198 674 2238; x_wconf 89' lang='lat' dir='ltr'>Sem.</span> 
     </span>
    </p>
   </div>
   <div class='ocr_carea' id='block_1_7' title="bbox 823 2285 1063 2319">
    <p class='ocr_par' dir='ltr' id='par_1_8' title="bbox 823 2285 1063 2319">
     <span class='ocr_line' id='line_1_28' title="bbox 823 2285 1063 2319; baseline -0.004 0"><span class='ocrx_word' id='word_1_265' title='bbox 823 2285 997 2319; x_wconf 82' lang='lat' dir='ltr'>CHAPTER</span> <span class='ocrx_word' id='word_1_266' title='bbox 1023 2296 1063 2318; x_wconf 94' lang='lat'>10</span> 
     </span>
    </p>
   </div>
   <div class='ocr_carea' id='block_1_8' title="bbox 108 2364 1773 3081">
    <p class='ocr_par' dir='ltr' id='par_1_9' title="bbox 108 2364 1773 3081">
     <span class='ocr_line' id='line_1_29' title="bbox 192 2364 1773 2417; baseline -0.001 -11"><span class='ocrx_word' id='word_1_267' title='bbox 192 2377 227 2417; x_wconf 85' lang='lat'>5.</span> <span class='ocrx_word' id='word_1_268' title='bbox 256 2366 319 2404; x_wconf 85' lang='lat' dir='ltr'>Ex</span> <span class='ocrx_word' id='word_1_269' title='bbox 336 2364 399 2404; x_wconf 90' lang='lat' dir='ltr'>his</span> <span class='ocrx_word' id='word_1_270' title='bbox 419 2371 654 2415; x_wconf 82' lang='lat' dir='ltr'>segregatae</span> <span class='ocrx_word' id='word_1_271' title='bbox 674 2371 772 2404; x_wconf 85' lang='lat' dir='ltr'>sunt</span> <span class='ocrx_word' id='word_1_272' title='bbox 790 2365 947 2404; x_wconf 91' lang='lat' dir='ltr'>insulae</span> <span class='ocrx_word' id='word_1_273' title='bbox 966 2365 1153 2416; x_wconf 88' lang='lat' dir='ltr'>gentium</span> <span class='ocrx_word' id='word_1_274' title='bbox 1172 2365 1214 2404; x_wconf 89' lang='lat' dir='ltr'>in</span> <span class='ocrx_word' id='word_1_275' title='bbox 1233 2371 1344 2405; x_wconf 88' lang='lat' dir='ltr'>terra</span> <span class='ocrx_word' id='word_1_276' title='bbox 1363 2378 1450 2415; x_wconf 92' lang='lat' dir='ltr'>sua,</span> <span class='ocrx_word' id='word_1_277' title='bbox 1472 2379 1578 2405; x_wconf 90' lang='lat' dir='ltr'>unus</span> <span class='ocrx_word' id='word_1_278' title='bbox 1598 2366 1773 2417; x_wconf 88' lang='lat' dir='ltr'>quisque</span> 
     </span>
     <span class='ocr_line' id='line_1_30' title="bbox 109 2431 1770 2483; baseline 0 -11"><span class='ocrx_word' id='word_1_279' title='bbox 109 2431 336 2472; x_wconf 88' lang='lat' dir='ltr'>secundum</span> <span class='ocrx_word' id='word_1_280' title='bbox 355 2432 539 2482; x_wconf 88' lang='lat' dir='ltr'>linguam</span> <span class='ocrx_word' id='word_1_281' title='bbox 557 2432 600 2471; x_wconf 92' lang='lat' dir='ltr'>in</span> <span class='ocrx_word' id='word_1_282' title='bbox 620 2432 811 2471; x_wconf 89' lang='lat' dir='ltr'>tribubus</span> <span class='ocrx_word' id='word_1_283' title='bbox 832 2432 915 2471; x_wconf 91' lang='lat' dir='ltr'>suis</span> <span class='ocrx_word' id='word_1_284' title='bbox 935 2438 977 2471; x_wconf 93' lang='lat' dir='ltr'>et</span> <span class='ocrx_word' id='word_1_285' title='bbox 996 2432 1040 2471; x_wconf 91' lang='lat' dir='ltr'>in</span> <span class='ocrx_word' id='word_1_286' title='bbox 1060 2432 1252 2483; x_wconf 90' lang='lat' dir='ltr'>gentibus</span> <span class='ocrx_word' id='word_1_287' title='bbox 1273 2433 1368 2472; x_wconf 86' lang='lat' dir='ltr'>suis.</span> <span class='ocrx_word' id='word_1_288' title='bbox 1425 2434 1462 2472; x_wconf 86' lang='grc'>8.</span> <span class='ocrx_word' id='word_1_289' title='bbox 1493 2432 1607 2472; x_wconf 89' lang='lat' dir='ltr'>Chus</span> <span class='ocrx_word' id='word_1_290' title='bbox 1627 2439 1770 2472; x_wconf 88' lang='lat' dir='ltr'>autem</span> 
     </span>
     <span class='ocr_line' id='line_1_31' title="bbox 109 2497 1771 2550; baseline 0 -12"><span class='ocrx_word' id='word_1_291' title='bbox 109 2499 252 2550; x_wconf 87' lang='lat' dir='ltr'>genuit</span> <span class='ocrx_word' id='word_1_292' title='bbox 267 2499 309 2538; x_wconf 95' lang='lat' dir='ltr'>N</span> <span class='ocrx_word' id='word_1_293' title='bbox 312 2498 476 2547; x_wconf 88' lang='lat' dir='ltr'>ebroth;</span> <span class='ocrx_word' id='word_1_294' title='bbox 505 2497 572 2537; x_wconf 91' lang='lat' dir='ltr'>hic</span> <span class='ocrx_word' id='word_1_295' title='bbox 588 2499 725 2549; x_wconf 90' lang='lat' dir='ltr'>coepit</span> <span class='ocrx_word' id='word_1_296' title='bbox 739 2511 826 2538; x_wconf 90' lang='lat' dir='ltr'>esse</span> <span class='ocrx_word' id='word_1_297' title='bbox 842 2499 984 2549; x_wconf 84' lang='lat' dir='ltr'>gigans</span> <span class='ocrx_word' id='word_1_298' title='bbox 1001 2512 1122 2549; x_wconf 89' lang='lat' dir='ltr'>super</span> <span class='ocrx_word' id='word_1_299' title='bbox 1137 2505 1303 2538; x_wconf 87' lang='lat' dir='ltr'>terram.</span> <span class='ocrx_word' id='word_1_300' title='bbox 1360 2513 1397 2550; x_wconf 87' lang='lat'>9.</span> <span class='ocrx_word' id='word_1_301' title='bbox 1427 2499 1507 2538; x_wconf 92' lang='lat' dir='ltr'>Hic</span> <span class='ocrx_word' id='word_1_302' title='bbox 1523 2505 1612 2538; x_wconf 90' lang='lat' dir='ltr'>erat</span> <span class='ocrx_word' id='word_1_303' title='bbox 1628 2499 1771 2550; x_wconf 88' lang='lat' dir='ltr'>gigans</span> 
     </span>
     <span class='ocr_line' id='line_1_32' title="bbox 108 2565 1771 2616; baseline 0 -11"><span class='ocrx_word' id='word_1_304' title='bbox 108 2572 283 2606; x_wconf 86' lang='lat' dir='ltr'>venator</span> <span class='ocrx_word' id='word_1_305' title='bbox 310 2571 455 2604; x_wconf 88' lang='lat' dir='ltr'>contra</span> <span class='ocrx_word' id='word_1_306' title='bbox 481 2565 710 2604; x_wconf 87' lang='lat' dir='ltr'>Dominum</span> <span class='ocrx_word' id='word_1_307' title='bbox 736 2565 891 2614; x_wconf 83' lang='lat' dir='ltr'>Deum3</span> <span class='ocrx_word' id='word_1_308' title='bbox 931 2571 1102 2616; x_wconf 89' lang='lat' dir='ltr'>propter</span> <span class='ocrx_word' id='word_1_309' title='bbox 1127 2565 1205 2604; x_wconf 92' lang='lat' dir='ltr'>hoc</span> <span class='ocrx_word' id='word_1_310' title='bbox 1232 2565 1395 2615; x_wconf 87' lang='lat' dir='ltr'>dicunt;</span> <span class='ocrx_word' id='word_1_311' title='bbox 1437 2566 1553 2606; x_wconf 89' lang='lat' dir='ltr'>Sicut</span> <span class='ocrx_word' id='word_1_312' title='bbox 1578 2565 1771 2605; x_wconf 87' lang='lat' dir='ltr'>Nebroth</span> 
     </span>
     <span class='ocr_line' id='line_1_33' title="bbox 109 2622 1770 2683; baseline 0.001 -13"><span class='ocrx_word' id='word_1_313' title='bbox 109 2632 251 2683; x_wconf 87' lang='lat' dir='ltr'>gigans</span> <span class='ocrx_word' id='word_1_314' title='bbox 287 2622 462 2671; x_wconf 88' lang='lat' dir='ltr'>venator</span> <span class='ocrx_word' id='word_1_315' title='bbox 497 2637 642 2671; x_wconf 86' lang='lat' dir='ltr'>contra</span> <span class='ocrx_word' id='word_1_316' title='bbox 678 2631 920 2671; x_wconf 89' lang='lat' dir='ltr'>Dominum.</span> <span class='ocrx_word' id='word_1_317' title='bbox 980 2646 1039 2671; x_wconf 90' lang='lat'>10.</span> <span class='ocrx_word' id='word_1_318' title='bbox 1070 2632 1126 2671; x_wconf 94' lang='lat' dir='ltr'>Et</span> <span class='ocrx_word' id='word_1_319' title='bbox 1161 2632 1322 2671; x_wconf 82' lang='lat' dir='ltr'>factum</span> <span class='ocrx_word' id='word_1_320' title='bbox 1357 2638 1420 2671; x_wconf 90' lang='lat' dir='ltr'>est</span> <span class='ocrx_word' id='word_1_321' title='bbox 1455 2632 1622 2671; x_wconf 88' lang='lat' dir='ltr'>initium</span> <span class='ocrx_word' id='word_1_322' title='bbox 1657 2632 1770 2682; x_wconf 91' lang='lat' dir='ltr'>regni</span> 
     </span>
     <span class='ocr_line' id='line_1_34' title="bbox 109 2697 1772 2749; baseline -0.001 -11"><span class='ocrx_word' id='word_1_323' title='bbox 109 2699 196 2738; x_wconf 89' lang='lat' dir='ltr'>eius</span> <span class='ocrx_word' id='word_1_324' title='bbox 217 2698 422 2749; x_wconf 87' lang='lat' dir='ltr'>Babylon,</span> <span class='ocrx_word' id='word_1_325' title='bbox 452 2697 598 2747; x_wconf 89' lang='lat' dir='ltr'>Orech,</span> <span class='ocrx_word' id='word_1_326' title='bbox 628 2698 807 2747; x_wconf 89' lang='lat' dir='ltr'>Archad,</span> <span class='ocrx_word' id='word_1_327' title='bbox 837 2705 878 2738; x_wconf 90' lang='lat' dir='ltr'>et</span> <span class='ocrx_word' id='word_1_328' title='bbox 908 2698 1122 2738; x_wconf 90' lang='lat' dir='ltr'>Chalanne</span> <span class='ocrx_word' id='word_1_329' title='bbox 1150 2699 1193 2737; x_wconf 90' lang='lat' dir='ltr'>in</span> <span class='ocrx_word' id='word_1_330' title='bbox 1221 2704 1331 2738; x_wconf 85' lang='lat' dir='ltr'>terra</span> <span class='ocrx_word' id='word_1_331' title='bbox 1362 2699 1557 2739; x_wconf 88' lang='lat' dir='ltr'>Sennaar.</span> <span class='ocrx_word' id='word_1_332' title='bbox 1617 2712 1676 2738; x_wconf 92' lang='lat'>11.</span> <span class='ocrx_word' id='word_1_333' title='bbox 1706 2699 1772 2737; x_wconf 92' lang='lat' dir='ltr'>De</span> 
     </span>
     <span class='ocr_line' id='line_1_35' title="bbox 109 2764 1773 2805; baseline 0 -1"><span class='ocrx_word' id='word_1_334' title='bbox 109 2771 219 2805; x_wconf 92' lang='lat' dir='ltr'>terra</span> <span class='ocrx_word' id='word_1_335' title='bbox 236 2765 306 2804; x_wconf 90' lang='lat' dir='ltr'>illa</span> <span class='ocrx_word' id='word_1_336' title='bbox 324 2764 421 2803; x_wconf 83' lang='lat' dir='ltr'>exiit</span> <span class='ocrx_word' id='word_1_337' title='bbox 439 2765 567 2804; x_wconf 89' lang='lat' dir='ltr'>Assur</span> <span class='ocrx_word' id='word_1_338' title='bbox 584 2770 626 2803; x_wconf 90' lang='lat' dir='ltr'>et</span> <span class='ocrx_word' id='word_1_339' title='bbox 644 2764 879 2804; x_wconf 87' lang='lat' dir='ltr'>aedificavit</span> <span class='ocrx_word' id='word_1_340' title='bbox 896 2765 1088 2805; x_wconf 88' lang='lat' dir='ltr'>Nineven</span> <span class='ocrx_word' id='word_1_341' title='bbox 1106 2771 1148 2804; x_wconf 93' lang='lat' dir='ltr'>et</span> <span class='ocrx_word' id='word_1_342' title='bbox 1166 2765 1337 2805; x_wconf 92' lang='lat' dir='ltr'>Roboth</span> <span class='ocrx_word' id='word_1_343' title='bbox 1357 2765 1571 2805; x_wconf 79' lang='lat' dir='ltr'>civitatem</span> <span class='ocrx_word' id='word_1_344' title='bbox 1592 2771 1634 2804; x_wconf 90' lang='lat' dir='ltr'>et</span> <span class='ocrx_word' id='word_1_345' title='bbox 1663 2765 1773 2804; x_wconf 91' lang='lat' dir='ltr'>Cha-</span> 
     </span>
     <span class='ocr_line' id='line_1_36' title="bbox 109 2831 1773 2872; baseline 0 -1"><span class='ocrx_word' id='word_1_346' title='bbox 109 2831 215 2872; x_wconf 90' lang='lat' dir='ltr'>lach.</span> <span class='ocrx_word' id='word_1_347' title='bbox 275 2845 334 2871; x_wconf 88' lang='lat'>12.</span> <span class='ocrx_word' id='word_1_348' title='bbox 365 2831 421 2870; x_wconf 89' lang='lat' dir='ltr'>Et</span> <span class='ocrx_word' id='word_1_349' title='bbox 451 2832 607 2870; x_wconf 89' lang='lat' dir='ltr'>Dasem</span> <span class='ocrx_word' id='word_1_350' title='bbox 634 2831 742 2870; x_wconf 89' lang='lat' dir='ltr'>inter</span> <span class='ocrx_word' id='word_1_351' title='bbox 771 2831 954 2871; x_wconf 91' lang='lat' dir='ltr'>medium</span> <span class='ocrx_word' id='word_1_352' title='bbox 973 2832 1162 2872; x_wconf 88' lang='lat' dir='ltr'>Ninevae</span> <span class='ocrx_word' id='word_1_353' title='bbox 1181 2838 1223 2871; x_wconf 93' lang='lat' dir='ltr'>et</span> <span class='ocrx_word' id='word_1_354' title='bbox 1244 2831 1446 2871; x_wconf 89' lang='lat' dir='ltr'>Chalach:</span> <span class='ocrx_word' id='word_1_355' title='bbox 1489 2832 1605 2871; x_wconf 91' lang='lat' dir='ltr'>Haec</span> <span class='ocrx_word' id='word_1_356' title='bbox 1625 2831 1773 2871; x_wconf 87' lang='lat' dir='ltr'>civitas</span> 
     </span>
     <span class='ocr_line' id='line_1_37' title="bbox 110 2897 1773 2949; baseline -0.001 -11"><span class='ocrx_word' id='word_1_357' title='bbox 110 2911 274 2949; x_wconf 88' lang='lat' dir='ltr'>magna.</span> <span class='ocrx_word' id='word_1_358' title='bbox 333 2911 392 2948; x_wconf 84' lang='lat'>13.</span> <span class='ocrx_word' id='word_1_359' title='bbox 423 2897 623 2937; x_wconf 85' lang='lat' dir='ltr'>Mesraim</span> <span class='ocrx_word' id='word_1_360' title='bbox 643 2898 786 2948; x_wconf 89' lang='lat' dir='ltr'>genuit</span> <span class='ocrx_word' id='word_1_361' title='bbox 805 2911 875 2938; x_wconf 88' lang='lat' dir='ltr'>eos</span> <span class='ocrx_word' id='word_1_362' title='bbox 896 2898 967 2949; x_wconf 88' lang='lat' dir='ltr'>qui</span> <span class='ocrx_word' id='word_1_363' title='bbox 989 2898 1184 2938; x_wconf 87' lang='lat' dir='ltr'>dicuntur</span> <span class='ocrx_word' id='word_1_364' title='bbox 1203 2899 1382 2938; x_wconf 91' lang='lat' dir='ltr'>Ludiim.</span> <span class='ocrx_word' id='word_1_365' title='bbox 1442 2912 1502 2947; x_wconf 90' lang='lat'>14.</span> <span class='ocrx_word' id='word_1_366' title='bbox 1532 2897 1652 2938; x_wconf 88' lang='lat' dir='ltr'>Unde</span> <span class='ocrx_word' id='word_1_367' title='bbox 1673 2898 1773 2938; x_wconf 83' lang='lat' dir='ltr'>exiit</span> 
     </span>
     <span class='ocr_line' id='line_1_38' title="bbox 109 2964 1772 3016; baseline 0 -12"><span class='ocrx_word' id='word_1_368' title='bbox 109 2964 205 3004; x_wconf 91' lang='lat' dir='ltr'>inde</span> <span class='ocrx_word' id='word_1_369' title='bbox 232 2964 466 3016; x_wconf 88' lang='lat' dir='ltr'>Phylistim.</span> <span class='ocrx_word' id='word_1_370' title='bbox 525 2977 585 3003; x_wconf 93' lang='lat'>20.</span> <span class='ocrx_word' id='word_1_371' title='bbox 615 2964 672 3003; x_wconf 91' lang='lat' dir='ltr'>Hi</span> <span class='ocrx_word' id='word_1_372' title='bbox 699 2964 770 3003; x_wconf 92' lang='lat' dir='ltr'>filii</span> <span class='ocrx_word' id='word_1_373' title='bbox 799 2964 934 3004; x_wconf 89' lang='lat' dir='ltr'>Cham</span> <span class='ocrx_word' id='word_1_374' title='bbox 960 2965 1002 3004; x_wconf 92' lang='lat' dir='ltr'>in</span> <span class='ocrx_word' id='word_1_375' title='bbox 1029 2965 1222 3005; x_wconf 87' lang='lat' dir='ltr'>tribubus</span> <span class='ocrx_word' id='word_1_376' title='bbox 1249 2965 1332 3004; x_wconf 90' lang='lat' dir='ltr'>suis</span> <span class='ocrx_word' id='word_1_377' title='bbox 1359 2964 1586 3005; x_wconf 91' lang='lat' dir='ltr'>secundum</span> <span class='ocrx_word' id='word_1_378' title='bbox 1612 2965 1772 3015; x_wconf 89' lang='lat' dir='ltr'>linguas</span> 
     </span>
     <span class='ocr_line' id='line_1_39' title="bbox 111 3030 1773 3081; baseline 0.001 -11"><span class='ocrx_word' id='word_1_379' title='bbox 111 3044 206 3070; x_wconf 90' lang='lat' dir='ltr'>suas</span> <span class='ocrx_word' id='word_1_380' title='bbox 233 3031 275 3070; x_wconf 92' lang='lat' dir='ltr'>in</span> <span class='ocrx_word' id='word_1_381' title='bbox 303 3030 537 3081; x_wconf 87' lang='lat' dir='ltr'>regionibus</span> <span class='ocrx_word' id='word_1_382' title='bbox 565 3030 647 3069; x_wconf 89' lang='lat' dir='ltr'>suis</span> <span class='ocrx_word' id='word_1_383' title='bbox 675 3036 717 3069; x_wconf 92' lang='lat' dir='ltr'>et</span> <span class='ocrx_word' id='word_1_384' title='bbox 744 3030 787 3069; x_wconf 91' lang='lat' dir='ltr'>in</span> <span class='ocrx_word' id='word_1_385' title='bbox 814 3031 1006 3081; x_wconf 85' lang='lat' dir='ltr'>gentibus</span> <span class='ocrx_word' id='word_1_386' title='bbox 1034 3031 1131 3071; x_wconf 88' lang='lat' dir='ltr'>suis.</span> <span class='ocrx_word' id='word_1_387' title='bbox 1190 3045 1251 3071; x_wconf 89' lang='lat'>21.</span> <span class='ocrx_word' id='word_1_388' title='bbox 1281 3032 1337 3071; x_wconf 91' lang='lat' dir='ltr'>Et</span> <span class='ocrx_word' id='word_1_389' title='bbox 1366 3032 1460 3072; x_wconf 90' lang='lat' dir='ltr'>Sem</span> <span class='ocrx_word' id='word_1_390' title='bbox 1487 3037 1612 3071; x_wconf 90' lang='lat' dir='ltr'>natus</span> <span class='ocrx_word' id='word_1_391' title='bbox 1639 3038 1702 3071; x_wconf 89' lang='lat' dir='ltr'>est</span> <span class='ocrx_word' id='word_1_392' title='bbox 1730 3037 1773 3071; x_wconf 87' lang='lat' dir='ltr'>et</span> 
     </span>
    </p>
   </div>
  </div>
 </body>
</html>
