2309 3583
380 256 460 297 108
607 265 638 296 A
667 265 816 296 STUDY
845 265 903 296 OF
932 253 1239 297 AUGUSTINE'S
1269 266 1496 298 VERSIONS
1525 267 1583 298 OF
1613 267 1807 299 GENESIS

375 379 422 419 in
445 392 487 419 eo
510 379 613 431 quod
635 392 840 431 expresses
864 392 998 420 cause.
1054 379 1144 420 The
1168 393 1311 431 usages
1334 380 1422 432 just
1445 381 1555 421 cited
1578 395 1649 422 are
1671 381 1714 422 in
1737 382 1889 422 almost
1913 394 2040 433 every

374 445 560 486 instance
577 445 711 485 literal
728 446 966 497 renderings
984 446 1027 486 of
1044 447 1117 486 the
1134 447 1268 486 LXX.
1324 448 1361 487 A
1380 448 1459 487 few
1477 448 1715 500 exceptions
1734 461 1803 489 are
1821 448 1868 488 in
1885 447 2037 498 dicbus,

379 513 516 561 18:11,
537 511 671 551 where
690 511 762 552 the
782 512 863 553 Gk.
883 512 959 553 has
978 513 1050 553 the
1070 513 1174 553 Gen.
1196 526 1305 563 case3
1336 514 1421 554 and
1438 526 1585 565 30:273
1617 526 1764 566 35:143
1796 527 1939 565 42:34.

455 579 511 618 In
550 578 584 618 is
627 579 861 619 sometimes
902 579 1141 631 equivalent
1182 585 1227 620 to
1267 580 1380 620 inter.
1446 580 1511 621 Cf.
1546 581 1643 620 Loc.
1682 593 1825 632 1:127:
1880 582 1936 621 In
1969 580 2039 621 hoc

375 644 526 684 similes
550 645 698 686 erimus
721 645 826 685 vobis
850 649 885 686 et
909 645 1176 686 habitabimus
1199 646 1246 686 in
1270 646 1387 696 vobis,
1407 646 1451 686 id
1475 651 1530 687 est
1549 646 1652 687 inter
1669 660 1746 687 vos.
1803 646 1868 688 Cf.
1890 658 2037 698 34:15;

376 713 494 762 23:6;
534 724 600 760 24:
611 724 648 762 3.

1155 779 1258 819 inter

452 856 563 895 Inter
583 855 616 895 is
636 855 768 895 found
790 857 838 895 28
860 855 994 905 times,
1015 855 1058 896 in
1079 856 1132 895 all
1153 856 1231 896 but
1256 869 1334 896 one
1353 869 1398 896 as
1419 869 1444 896 a
1465 856 1714 896 translation
1740 856 1783 896 of
1811 855 1880 893 ἀνὰ
1906 853 2035 903 μέσον.

374 921 426 961 In
448 933 573 972 24:37
593 921 696 962 inter
714 935 855 962 means
880 935 1043 972 among,
1070 921 1205 962 where
1224 922 1296 962 the
1320 923 1443 962 LXX
1462 922 1536 962 has
1556 922 1607 962 ἐν.
1663 923 1714 962 In
1735 935 1854 973 9:12;
1892 935 2036 972 10:12;

378 1001 423 1038 13
436 999 476 1039 :7
498 986 564 1024 ἀνὰ
583 985 700 1034 μέσον
713 987 747 1027 is
767 988 965 1028 rendered
984 988 1087 1028 inter
1106 988 1294 1038 medium,
1310 987 1444 1028 which
1463 987 1613 1039 phrase
1633 988 1666 1028 is
1686 988 1877 1029 followed
1896 989 1953 1040 by
1965 988 2037 1029 the

377 1054 479 1095 Gen.
503 1059 647 1105 except
668 1054 710 1094 in
732 1067 774 1105 9:
788 1067 848 1104 12,
871 1054 1005 1094 where
1026 1067 1086 1094 we
1107 1054 1194 1094 find
1213 1054 1317 1094 inter
1337 1054 1512 1094 medium
1533 1067 1664 1094 meum
1684 1058 1719 1094 et
1739 1058 1918 1095 vestrum.
1969 1054 2035 1095 Cf.

375 1121 520 1160 Enarr.
550 1120 592 1160 in
620 1121 685 1160 Ps.
717 1122 863 1171 67:19:
911 1120 1026 1171 Quod
1052 1120 1193 1160 habent
1219 1120 1340 1160 latini
1366 1120 1516 1160 codices
1545 1120 1680 1161 “inter
1707 1133 1768 1160 me
1795 1125 1830 1160 et
1856 1120 1952 1160 vos'’
1981 1120 2038 1161 vel

372 1185 510 1226 “inter
534 1200 594 1226 me
619 1191 653 1226 et
678 1199 832 1226 omnem
857 1186 1038 1226 animam
1062 1186 1229 1236 vivam,''
1256 1190 1291 1226 et
1315 1186 1353 1226 si
1377 1200 1457 1238 qua
1480 1186 1539 1226 ibi
1564 1186 1663 1227 talia
1687 1187 1876 1227 dicuntur
1901 1186 2038 1227 “inter

372 1253 547 1293 medium
571 1265 702 1293 meum
722 1257 756 1292 et
775 1252 984 1303 vestrum‚''
1003 1252 1203 1293 invenitur
1220 1252 1267 1292 in
1284 1266 1432 1304 graec0‚
1452 1253 1555 1304 quod
1572 1256 1628 1293 est
1646 1251 1714 1288 ἀνὰ
1733 1250 1862 1299 μέσον.
1919 1252 2037 1294 Simi-

369 1319 475 1370 larly
492 1319 536 1358 in
559 1332 576 1358 1
589 1330 651 1366 :14
670 1324 804 1368 notes,
825 1316 894 1355 ἀνὰ
912 1315 1030 1365 μέσον
1047 1318 1083 1358 is
1103 1318 1305 1358 rendered
1323 1318 1427 1359 inter
1445 1319 1633 1359 medium.

1145 1407 1261 1448 iuxta

446 1486 570 1526 quta
587 1485 621 1525 is
640 1485 773 1525 found
791 1499 813 1536 3
835 1485 969 1526 times.
1025 1486 1077 1525 In
1100 1499 1218 1536 19:13
1253 1497 1381 1537 22:17
1405 1486 1469 1526 for
1495 1485 1567 1526 the
1592 1485 1671 1527 Gk.
1695 1484 1812 1536 παρά;
1843 1485 1886 1526 in
1905 1488 2036 1536 46:28

367 1552 431 1592 for
455 1550 561 1592 κατά.
618 1553 669 1592 In
694 1565 822 1603 every
846 1565 939 1592 case
964 1552 1035 1593 the
1060 1552 1253 1603 meaning
1276 1552 1310 1593 is
1334 1565 1448 1593 near.

1167 1654 1237 1699 per

444 1725 523 1764 Per
534 1723 567 1764 is
584 1724 717 1765 found
732 1725 811 1764 but
823 1724 884 1765 six
897 1724 1031 1774 times,
1045 1724 1088 1764 in
1104 1725 1199 1765 four
1210 1725 1254 1765 of
1266 1724 1400 1765 which
1412 1725 1446 1765 it
1458 1725 1492 1766 is
1507 1725 1609 1765 used
1620 1724 1663 1765 in
1675 1725 1797 1765 oaths
1811 1739 1857 1765 or
1874 1738 2035 1766 asseve-

362 1790 534 1831 rations.
593 1790 658 1831 Cf.
683 1793 829 1841 22:163
864 1803 1013 1843 31:543
1052 1791 1132 1832 Gk.
1159 1790 1271 1842 κατά;
1308 1805 1408 1843 24:3
1434 1797 1567 1841 notes,
1593 1791 1729 1832 where
1754 1791 1826 1832 the
1853 1791 1933 1832 Gk.
1959 1792 2034 1833 has

364 1871 419 1897 no
438 1857 712 1909 preposition;
746 1858 831 1898 and
850 1858 893 1898 in
913 1861 1044 1907 42:16
1072 1858 1151 1899 Gk.
1175 1856 1232 1905 νή.
1288 1859 1340 1898 In
1364 1870 1490 1910 15:17
1511 1864 1582 1910 per
1602 1871 1745 1899 means
1765 1871 1930 1909 among,
1953 1858 2033 1900 Gk.

365 1922 431 1960 ἀνὰ
443 1921 580 1974 μέσον;
610 1924 694 1965 and
708 1924 750 1964 in
769 1927 910 1974 28:12,
927 1925 1043 1976 peris
1059 1925 1161 1965 used
1176 1930 1221 1965 to
1236 1938 1400 1977 express
1416 1925 1580 1975 Means,
1598 1925 1678 1966 Gk.
1694 1922 1770 1965 ἐπί.

1144 2025 1245 2071 post1

440 2097 538 2136 Post
559 2096 693 2137 shows
715 2110 770 2137 no
794 2097 968 2137 marked
991 2097 1216 2149 departure
1238 2097 1347 2137 from
1369 2097 1553 2138 classical
1577 2110 1715 2148 usage.
1771 2098 1823 2137 In
1850 2109 1895 2149 15
1920 2110 2033 2138 cases

361 2163 397 2203 it
429 2176 571 2203 means
603 2163 724 2213 after,
761 2163 840 2204 Gk.
873 2162 983 2214 μετά,
1020 2164 1105 2204 and
1136 2164 1179 2204 in
1212 2170 1295 2204 two
1327 2164 1362 2204 it
1395 2177 1538 2205 means
1576 2164 1745 2214 behind,
1781 2164 1860 2205 Gk.
1894 2162 2031 2205 ὀπίσω.

362 2230 528 2270 Bonnet
556 2230 656 2270 cites
683 2230 878 2282 frequent
905 2244 997 2271 uses
1025 2231 1068 2270 of
1095 2236 1184 2282 post
1209 2231 1253 2271 in
1283 2231 1471 2283 Gregory
1497 2231 1606 2271 after
1632 2231 1756 2271 verbs
1784 2231 1827 2270 of
1852 2231 2031 2282 pursuit.

361 2296 452 2337 One
477 2296 579 2337 such
604 2297 792 2349 example
816 2297 850 2338 is
876 2297 1008 2338 found
1033 2297 1076 2338 in
1102 2310 1172 2349 35:
1185 2310 1225 2349 5:
1264 2302 1301 2338 et
1325 2311 1408 2338 non
1432 2298 1631 2339 consecuti
1656 2302 1744 2349 post
1759 2298 1886 2349 filios.
1941 2297 2032 2338 The

359 2364 519 2404 adverb
540 2369 675 2415 postea
693 2364 830 2416 rarely
850 2378 1008 2415 occurs,
1030 2365 1108 2405 but
1129 2365 1162 2405 is
1183 2365 1376 2417 replaced
1396 2365 1455 2417 by
1476 2365 1579 2405 such
1600 2364 1855 2417 expressions
1877 2378 1922 2405 as
1943 2368 2033 2416 post

359 2430 476 2480 illud,
499 2433 594 2481 6:4;
630 2436 718 2482 post
738 2431 845 2481 haec,
872 2443 1017 2483 15:143
1053 2436 1188 2483 postca
1210 2445 1354 2472 occurs
1375 2432 1418 2472 in
1443 2434 1510 2472 18:
1522 2444 1557 2483 5.

1138 2526 1234 2571 prae

438 2598 544 2637 Prae
569 2610 714 2638 occurs
739 2597 875 2638 twice:
914 2597 956 2638 in
982 2611 1127 2648 32:12,
1155 2598 1234 2638 Gk.
1262 2595 1444 2638 ἀπότ-οη
1470 2604 1648 2639 account
1674 2598 1733 2648 of3
1773 2611 1918 2649 43:34,
1947 2597 2028 2638 Gk.

360 2660 467 2713 πρός,
489 2664 683 2715 meaning
701 2664 744 2704 in
763 2664 1026 2716 comparison
1046 2664 1159 2705 with.

1100 2758 1254 2805 praeter

435 2832 597 2871 Praeter
626 2831 852 2884 uniformly
881 2845 1023 2872 means
1053 2838 1212 2883 except,
1242 2832 1421 2882 besides;
1465 2832 1517 2873 cf.
1552 2835 1670 2883 26:13
1714 2834 1836 2884 39:6;
1880 2842 2029 2882 47:223

360 2908 426 2946 17:
441 2911 485 2937 12
507 2904 639 2938 notes.
699 2900 824 2939 LXX
841 2898 916 2939 has
935 2896 1063 2948 χώρις,
1084 2896 1200 2946 πλήν.

364 3007 365 3010 ¹
441 2988 451 3004 ¹
471 2983 526 3018 Cf.
555 2985 704 3027 Bonnet,
721 2991 775 3028 op.
793 2985 861 3027 cit„
879 2996 938 3028 pp.
963 2996 1025 3028 591
1041 2985 1093 3027 ff.;
1129 2985 1350 3027 Thielmann,
1373 2985 1507 3028 Archiv,
1532 2986 1634 3028 VIII,
1651 2996 1687 3028 p.
1705 2995 1781 3027 504.
