<?xml version="1.0" encoding="UTF-8"?>
<!DOCTYPE html PUBLIC "-//W3C//DTD XHTML 1.0 Transitional//EN"
    "http://www.w3.org/TR/xhtml1/DTD/xhtml1-transitional.dtd">
<html xmlns="http://www.w3.org/1999/xhtml" xml:lang="en" lang="en">
 <head>
  <title>
</title>
<meta http-equiv="Content-Type" content="text/html;charset=utf-8" />
  <meta name='ocr-system' content='tesseract 3.04.00' />
  <meta name='ocr-capabilities' content='ocr_page ocr_carea ocr_par ocr_line ocrx_word'/>
</head>
<body>
  <div class='ocr_page' id='page_1' title='image "./studyofaugustine00mcinrich_0054.png"; bbox 0 0 2309 3583; ppageno 0'>
   <div class='ocr_carea' id='block_1_1' title="bbox 531 263 1966 317">
    <p class='ocr_par' dir='ltr' id='par_1_1' title="bbox 531 263 1966 317">
     <span class='ocr_line' id='line_1_1' title="bbox 531 263 1966 317; baseline 0.003 -13"><span class='ocrx_word' id='word_1_1' title='bbox 531 263 585 317; x_wconf 81' lang='lat'>38</span> <span class='ocrx_word' id='word_1_2' title='bbox 761 274 792 304; x_wconf 90' lang='lat' dir='ltr'>A</span> <span class='ocrx_word' id='word_1_3' title='bbox 822 273 970 305; x_wconf 78' lang='lat' dir='ltr'>STUDY</span> <span class='ocrx_word' id='word_1_4' title='bbox 1001 274 1058 305; x_wconf 85' lang='lat' dir='ltr'>OF</span> <span class='ocrx_word' id='word_1_5' title='bbox 1086 263 1395 307; x_wconf 85' lang='lat' dir='ltr'>AUGUSTINE&#39;S</span> <span class='ocrx_word' id='word_1_6' title='bbox 1424 276 1651 308; x_wconf 85' lang='lat' dir='ltr'>VERSIONS</span> <span class='ocrx_word' id='word_1_7' title='bbox 1682 277 1739 308; x_wconf 73' lang='lat' dir='ltr'>or</span> <span class='ocrx_word' id='word_1_8' title='bbox 1769 277 1966 309; x_wconf 83' lang='lat' dir='ltr'>GENEsrs</span> 
     </span>
    </p>
   </div>
   <div class='ocr_carea' id='block_1_2' title="bbox 528 386 2197 509">
    <p class='ocr_par' dir='ltr' id='par_1_2' title="bbox 528 386 2197 509">
     <span class='ocr_line' id='line_1_2' title="bbox 530 386 2196 442; baseline 0.004 -17"><span class='ocrx_word' id='word_1_9' title='bbox 530 386 581 426; x_wconf 92' lang='lat' dir='ltr'>de</span> <span class='ocrx_word' id='word_1_10' title='bbox 602 387 913 438; x_wconf 82' lang='lat' dir='ltr'>Mesopotamia</span> <span class='ocrx_word' id='word_1_11' title='bbox 935 387 1066 439; x_wconf 90' lang='lat' dir='ltr'>Syria.</span> <span class='ocrx_word' id='word_1_12' title='bbox 1122 389 1178 428; x_wconf 94' lang='lat' dir='ltr'>Et</span> <span class='ocrx_word' id='word_1_13' title='bbox 1200 388 1401 440; x_wconf 85' lang='lat' dir='ltr'>applicuit</span> <span class='ocrx_word' id='word_1_14' title='bbox 1423 390 1477 430; x_wconf 93' lang='lat' dir='ltr'>ad</span> <span class='ocrx_word' id='word_1_15' title='bbox 1498 389 1647 430; x_wconf 74' lang='lat' dir='ltr'>faciem</span> <span class='ocrx_word' id='word_1_16' title='bbox 1668 390 1865 431; x_wconf 89' lang='lat' dir='ltr'>civitatis.</span> <span class='ocrx_word' id='word_1_17' title='bbox 1924 405 1985 442; x_wconf 88' lang='lat'>19.</span> <span class='ocrx_word' id='word_1_18' title='bbox 2015 392 2072 431; x_wconf 94' lang='lat' dir='ltr'>Et</span> <span class='ocrx_word' id='word_1_19' title='bbox 2094 392 2196 432; x_wconf 89' lang='lat' dir='ltr'>emit</span> 
     </span>
     <span class='ocr_line' id='line_1_3' title="bbox 528 454 2197 509; baseline 0.004 -17"><span class='ocrx_word' id='word_1_20' title='bbox 528 458 692 503; x_wconf 90' lang='lat' dir='ltr'>partem</span> <span class='ocrx_word' id='word_1_21' title='bbox 724 454 824 504; x_wconf 90' lang='lat' dir='ltr'>agri,</span> <span class='ocrx_word' id='word_1_22' title='bbox 858 454 900 493; x_wconf 93' lang='lat' dir='ltr'>in</span> <span class='ocrx_word' id='word_1_23' title='bbox 926 467 1009 506; x_wconf 91' lang='lat' dir='ltr'>quo</span> <span class='ocrx_word' id='word_1_24' title='bbox 1034 455 1185 495; x_wconf 85' lang='lat' dir='ltr'>statuit</span> <span class='ocrx_word' id='word_1_25' title='bbox 1208 455 1290 495; x_wconf 89' lang='lat' dir='ltr'>illic</span> <span class='ocrx_word' id='word_1_26' title='bbox 1315 456 1631 496; x_wconf 88' lang='lat' dir='ltr'>tabernaculum</span> <span class='ocrx_word' id='word_1_27' title='bbox 1656 471 1777 497; x_wconf 90' lang='lat' dir='ltr'>suum</span> <span class='ocrx_word' id='word_1_28' title='bbox 1801 458 1855 497; x_wconf 92' lang='lat' dir='ltr'>ab</span> <span class='ocrx_word' id='word_1_29' title='bbox 1880 459 2052 498; x_wconf 92' lang='lat' dir='ltr'>Emmor</span> <span class='ocrx_word' id='word_1_30' title='bbox 2075 464 2197 509; x_wconf 90' lang='lat' dir='ltr'>patre</span> 
     </span>
    </p>
   </div>
   <div class='ocr_carea' id='block_1_3' title="bbox 529 519 2195 626">
    <p class='ocr_par' dir='ltr' id='par_1_3' title="bbox 529 519 2195 626">
     <span class='ocr_line' id='line_1_4' title="bbox 531 519 2195 573; baseline 0.003 -14"><span class='ocrx_word' id='word_1_31' title='bbox 531 519 708 570; x_wconf 88' lang='lat' dir='ltr'>Sychem</span> <span class='ocrx_word' id='word_1_32' title='bbox 739 526 908 560; x_wconf 91' lang='lat' dir='ltr'>centum</span> <span class='ocrx_word' id='word_1_33' title='bbox 939 521 1068 572; x_wconf 83' lang='lat' dir='ltr'>agnis.</span> <span class='ocrx_word' id='word_1_34' title='bbox 1126 535 1188 561; x_wconf 90' lang='lat'>20.</span> <span class='ocrx_word' id='word_1_35' title='bbox 1218 523 1274 562; x_wconf 91' lang='lat' dir='ltr'>Et</span> <span class='ocrx_word' id='word_1_36' title='bbox 1305 523 1457 562; x_wconf 92' lang='lat' dir='ltr'>statuit</span> <span class='ocrx_word' id='word_1_37' title='bbox 1487 523 1545 563; x_wconf 92' lang='lat' dir='ltr'>ibi</span> <span class='ocrx_word' id='word_1_38' title='bbox 1575 536 1705 573; x_wconf 88' lang='lat' dir='ltr'>aram,</span> <span class='ocrx_word' id='word_1_39' title='bbox 1737 530 1779 564; x_wconf 93' lang='lat' dir='ltr'>et</span> <span class='ocrx_word' id='word_1_40' title='bbox 1809 524 2025 564; x_wconf 89' lang='lat' dir='ltr'>invocavit</span> <span class='ocrx_word' id='word_1_41' title='bbox 2056 525 2195 564; x_wconf 91' lang='lat' dir='ltr'>Deum</span> 
     </span>
     <span class='ocr_line' id='line_1_5' title="bbox 529 585 701 626; baseline 0.006 -1"><span class='ocrx_word' id='word_1_42' title='bbox 529 585 701 626; x_wconf 85' lang='lat' dir='ltr'><strong>Israhel.</strong></span> 
     </span>
    </p>
   </div>
   <div class='ocr_carea' id='block_1_4' title="bbox 1240 642 1481 685">
    <p class='ocr_par' dir='ltr' id='par_1_4' title="bbox 1240 642 1481 685">
     <span class='ocr_line' id='line_1_6' title="bbox 1240 642 1481 685; baseline 0.004 -10"><span class='ocrx_word' id='word_1_43' title='bbox 1240 642 1415 676; x_wconf 83' lang='lat' dir='ltr'><strong>CHAPTER</strong></span> <span class='ocrx_word' id='word_1_44' title='bbox 1438 654 1481 685; x_wconf 85' lang='lat'>34</span> 
     </span>
    </p>
   </div>
   <div class='ocr_carea' id='block_1_5' title="bbox 523 708 2200 1757">
    <p class='ocr_par' dir='ltr' id='par_1_5' title="bbox 523 708 2200 1757">
     <span class='ocr_line' id='line_1_7' title="bbox 611 708 2198 762; baseline 0.003 -15"><span class='ocrx_word' id='word_1_45' title='bbox 611 722 645 747; x_wconf 94' lang='lat'>1.</span> <span class='ocrx_word' id='word_1_46' title='bbox 673 708 787 748; x_wconf 85' lang='lat' dir='ltr'>Exiit</span> <span class='ocrx_word' id='word_1_47' title='bbox 801 714 943 748; x_wconf 90' lang='lat' dir='ltr'>autem</span> <span class='ocrx_word' id='word_1_48' title='bbox 958 709 1071 749; x_wconf 91' lang='lat' dir='ltr'>Dina</span> <span class='ocrx_word' id='word_1_49' title='bbox 1084 709 1170 749; x_wconf 92' lang='lat' dir='ltr'>filia</span> <span class='ocrx_word' id='word_1_50' title='bbox 1183 709 1295 759; x_wconf 89' lang='lat' dir='ltr'>Liae,</span> <span class='ocrx_word' id='word_1_51' title='bbox 1312 723 1439 761; x_wconf 90' lang='lat' dir='ltr'>quam</span> <span class='ocrx_word' id='word_1_52' title='bbox 1452 711 1614 762; x_wconf 81' lang='lat' dir='ltr'>peperit</span> <span class='ocrx_word' id='word_1_53' title='bbox 1628 710 1706 762; x_wconf 90' lang='lat' dir='ltr'>ipsi</span> <span class='ocrx_word' id='word_1_54' title='bbox 1720 711 1862 761; x_wconf 86' lang='lat' dir='ltr'>Iacob,</span> <span class='ocrx_word' id='word_1_55' title='bbox 1878 718 1926 751; x_wconf 91' lang='lat' dir='ltr'>ut</span> <span class='ocrx_word' id='word_1_56' title='bbox 1940 711 2198 752; x_wconf 84' lang='lat' dir='ltr'>condisceret</span> 
     </span>
     <span class='ocr_line' id='line_1_8' title="bbox 527 773 2197 829; baseline 0.003 -16"><span class='ocrx_word' id='word_1_57' title='bbox 527 773 633 814; x_wconf 90' lang='lat' dir='ltr'>filias</span> <span class='ocrx_word' id='word_1_58' title='bbox 654 775 830 825; x_wconf 86' lang='lat' dir='ltr'>regionis</span> <span class='ocrx_word' id='word_1_59' title='bbox 851 775 950 815; x_wconf 90' lang='lat' dir='ltr'>eius.</span> <span class='ocrx_word' id='word_1_60' title='bbox 1010 789 1044 816; x_wconf 90' lang='lat'>2.</span> <span class='ocrx_word' id='word_1_61' title='bbox 1073 776 1190 816; x_wconf 86' lang='lat' dir='ltr'>Vidit</span> <span class='ocrx_word' id='word_1_62' title='bbox 1213 777 1390 828; x_wconf 90' lang='lat' dir='ltr'>Sychem</span> <span class='ocrx_word' id='word_1_63' title='bbox 1411 777 1519 817; x_wconf 90' lang='lat' dir='ltr'>filius</span> <span class='ocrx_word' id='word_1_64' title='bbox 1541 778 1714 817; x_wconf 90' lang='lat' dir='ltr'>Emmor</span> <span class='ocrx_word' id='word_1_65' title='bbox 1736 778 1983 827; x_wconf 90' lang='lat' dir='ltr'>Chorraeus,</span> <span class='ocrx_word' id='word_1_66' title='bbox 2005 778 2197 829; x_wconf 91' lang='lat' dir='ltr'>princeps</span> 
     </span>
     <span class='ocr_line' id='line_1_9' title="bbox 527 839 2199 895; baseline 0.002 -15"><span class='ocrx_word' id='word_1_67' title='bbox 527 846 675 890; x_wconf 86' lang='lat' dir='ltr'>terrae,</span> <span class='ocrx_word' id='word_1_68' title='bbox 699 839 872 890; x_wconf 89' lang='lat' dir='ltr'>(Dinam</span> <span class='ocrx_word' id='word_1_69' title='bbox 890 842 1018 881; x_wconf 92' lang='lat' dir='ltr'>filiam</span> <span class='ocrx_word' id='word_1_70' title='bbox 1038 841 1183 892; x_wconf 80' lang='lat' dir='ltr'>Iacob)</span> <span class='ocrx_word' id='word_1_71' title='bbox 1202 849 1244 882; x_wconf 91' lang='lat' dir='ltr'>et</span> <span class='ocrx_word' id='word_1_72' title='bbox 1258 843 1418 895; x_wconf 89' lang='lat' dir='ltr'>accepit</span> <span class='ocrx_word' id='word_1_73' title='bbox 1433 856 1524 883; x_wconf 92' lang='lat' dir='ltr'>eam</span> <span class='ocrx_word' id='word_1_74' title='bbox 1539 849 1581 883; x_wconf 93' lang='lat' dir='ltr'>et</span> <span class='ocrx_word' id='word_1_75' title='bbox 1595 843 1794 883; x_wconf 89' lang='lat' dir='ltr'>dormivit</span> <span class='ocrx_word' id='word_1_76' title='bbox 1808 857 1904 883; x_wconf 90' lang='lat' dir='ltr'>cum</span> <span class='ocrx_word' id='word_1_77' title='bbox 1917 857 1966 884; x_wconf 91' lang='lat' dir='ltr'>ea</span> <span class='ocrx_word' id='word_1_78' title='bbox 1979 850 2022 884; x_wconf 91' lang='lat' dir='ltr'>et</span> <span class='ocrx_word' id='word_1_79' title='bbox 2034 844 2199 884; x_wconf 89' lang='lat' dir='ltr'>humili-</span> 
     </span>
     <span class='ocr_line' id='line_1_10' title="bbox 528 907 2195 962; baseline 0.002 -15"><span class='ocrx_word' id='word_1_80' title='bbox 528 907 618 947; x_wconf 84' lang='lat' dir='ltr'>avit</span> <span class='ocrx_word' id='word_1_81' title='bbox 633 921 738 947; x_wconf 88' lang='lat' dir='ltr'>eam.</span> <span class='ocrx_word' id='word_1_82' title='bbox 782 922 820 959; x_wconf 84' lang='lat'>3.</span> <span class='ocrx_word' id='word_1_83' title='bbox 846 909 903 948; x_wconf 91' lang='lat' dir='ltr'>Et</span> <span class='ocrx_word' id='word_1_84' title='bbox 919 908 1101 948; x_wconf 88' lang='lat' dir='ltr'>intendit</span> <span class='ocrx_word' id='word_1_85' title='bbox 1118 909 1258 949; x_wconf 91' lang='lat' dir='ltr'>animo</span> <span class='ocrx_word' id='word_1_86' title='bbox 1275 909 1412 949; x_wconf 89' lang='lat' dir='ltr'>Dinae</span> <span class='ocrx_word' id='word_1_87' title='bbox 1428 909 1536 949; x_wconf 90' lang='lat' dir='ltr'>filiae</span> <span class='ocrx_word' id='word_1_88' title='bbox 1552 910 1680 950; x_wconf 88' lang='lat' dir='ltr'>Iacob</span> <span class='ocrx_word' id='word_1_89' title='bbox 1698 916 1740 950; x_wconf 92' lang='lat' dir='ltr'>et</span> <span class='ocrx_word' id='word_1_90' title='bbox 1757 910 1974 951; x_wconf 89' lang='lat' dir='ltr'>adamavit</span> <span class='ocrx_word' id='word_1_91' title='bbox 1990 910 2195 962; x_wconf 87' lang='lat' dir='ltr'>virginem</span> 
     </span>
     <span class='ocr_line' id='line_1_11' title="bbox 528 974 2199 1027; baseline 0.002 -13"><span class='ocrx_word' id='word_1_92' title='bbox 528 980 571 1014; x_wconf 91' lang='lat' dir='ltr'>et</span> <span class='ocrx_word' id='word_1_93' title='bbox 588 974 752 1014; x_wconf 91' lang='lat' dir='ltr'>locutus</span> <span class='ocrx_word' id='word_1_94' title='bbox 771 980 834 1014; x_wconf 90' lang='lat' dir='ltr'>est</span> <span class='ocrx_word' id='word_1_95' title='bbox 854 975 1081 1014; x_wconf 88' lang='lat' dir='ltr'>secundum</span> <span class='ocrx_word' id='word_1_96' title='bbox 1101 989 1266 1015; x_wconf 90' lang='lat' dir='ltr'>sensum</span> <span class='ocrx_word' id='word_1_97' title='bbox 1282 975 1453 1026; x_wconf 89' lang='lat' dir='ltr'>virginis</span> <span class='ocrx_word' id='word_1_98' title='bbox 1468 976 1560 1027; x_wconf 92' lang='lat' dir='ltr'>ipsi.</span> <span class='ocrx_word' id='word_1_99' title='bbox 1619 988 1654 1027; x_wconf 90' lang='lat'>7.</span> <span class='ocrx_word' id='word_1_100' title='bbox 1684 977 1741 1016; x_wconf 93' lang='lat' dir='ltr'>Et</span> <span class='ocrx_word' id='word_1_101' title='bbox 1757 976 1831 1017; x_wconf 91' lang='lat' dir='ltr'>filii</span> <span class='ocrx_word' id='word_1_102' title='bbox 1846 977 1974 1017; x_wconf 91' lang='lat' dir='ltr'>Iacob</span> <span class='ocrx_word' id='word_1_103' title='bbox 1991 983 2199 1018; x_wconf 88' lang='lat' dir='ltr'>venerunt</span> 
     </span>
     <span class='ocr_line' id='line_1_12' title="bbox 528 1041 2197 1093; baseline 0.002 -13"><span class='ocrx_word' id='word_1_104' title='bbox 528 1041 579 1080; x_wconf 92' lang='lat' dir='ltr'>de</span> <span class='ocrx_word' id='word_1_105' title='bbox 595 1054 743 1092; x_wconf 90' lang='lat' dir='ltr'>campo</span> <span class='ocrx_word' id='word_1_106' title='bbox 759 1047 814 1090; x_wconf 85' lang='lat' dir='ltr'>et,</span> <span class='ocrx_word' id='word_1_107' title='bbox 831 1054 925 1080; x_wconf 92' lang='lat' dir='ltr'>cum</span> <span class='ocrx_word' id='word_1_108' title='bbox 942 1042 1169 1090; x_wconf 81' lang='lat' dir='ltr'>audissent,</span> <span class='ocrx_word' id='word_1_109' title='bbox 1186 1042 1427 1093; x_wconf 90' lang='lat' dir='ltr'>compuncti</span> <span class='ocrx_word' id='word_1_110' title='bbox 1443 1048 1541 1082; x_wconf 89' lang='lat' dir='ltr'>sunt</span> <span class='ocrx_word' id='word_1_111' title='bbox 1556 1042 1648 1092; x_wconf 88' lang='lat' dir='ltr'>viri,</span> <span class='ocrx_word' id='word_1_112' title='bbox 1666 1048 1708 1082; x_wconf 93' lang='lat' dir='ltr'>et</span> <span class='ocrx_word' id='word_1_113' title='bbox 1725 1043 1845 1082; x_wconf 91' lang='lat' dir='ltr'>triste</span> <span class='ocrx_word' id='word_1_114' title='bbox 1861 1049 1950 1083; x_wconf 91' lang='lat' dir='ltr'>erat</span> <span class='ocrx_word' id='word_1_115' title='bbox 1965 1043 2045 1083; x_wconf 91' lang='lat' dir='ltr'>illis</span> <span class='ocrx_word' id='word_1_116' title='bbox 2059 1044 2197 1093; x_wconf 88' lang='lat' dir='ltr'>valde,</span> 
     </span>
     <span class='ocr_line' id='line_1_13' title="bbox 527 1107 2197 1160; baseline 0.002 -14"><span class='ocrx_word' id='word_1_117' title='bbox 527 1107 642 1158; x_wconf 91' lang='lat' dir='ltr'>quod</span> <span class='ocrx_word' id='word_1_118' title='bbox 665 1113 788 1159; x_wconf 87' lang='lat' dir='ltr'>turpe</span> <span class='ocrx_word' id='word_1_119' title='bbox 810 1107 967 1147; x_wconf 78' lang='lat' dir='ltr'>fecerat</span> <span class='ocrx_word' id='word_1_120' title='bbox 990 1108 1032 1146; x_wconf 91' lang='lat' dir='ltr'>in</span> <span class='ocrx_word' id='word_1_121' title='bbox 1057 1108 1230 1157; x_wconf 89' lang='lat' dir='ltr'>Israhel,</span> <span class='ocrx_word' id='word_1_122' title='bbox 1263 1109 1376 1160; x_wconf 93' lang='lat' dir='ltr'>quod</span> <span class='ocrx_word' id='word_1_123' title='bbox 1401 1108 1622 1148; x_wconf 88' lang='lat' dir='ltr'>dormisset</span> <span class='ocrx_word' id='word_1_124' title='bbox 1647 1122 1742 1149; x_wconf 91' lang='lat' dir='ltr'>cum</span> <span class='ocrx_word' id='word_1_125' title='bbox 1766 1109 1852 1149; x_wconf 89' lang='lat' dir='ltr'>filia</span> <span class='ocrx_word' id='word_1_126' title='bbox 1875 1110 2022 1159; x_wconf 84' lang='lat' dir='ltr'>Iacob3</span> <span class='ocrx_word' id='word_1_127' title='bbox 2047 1116 2090 1150; x_wconf 93' lang='lat' dir='ltr'>et</span> <span class='ocrx_word' id='word_1_128' title='bbox 2113 1123 2197 1150; x_wconf 90' lang='lat' dir='ltr'>non</span> 
     </span>
     <span class='ocr_line' id='line_1_14' title="bbox 528 1173 2197 1227; baseline 0.002 -14"><span class='ocrx_word' id='word_1_129' title='bbox 528 1173 586 1213; x_wconf 91' lang='lat' dir='ltr'>sic</span> <span class='ocrx_word' id='word_1_130' title='bbox 607 1174 698 1213; x_wconf 89' lang='lat' dir='ltr'>erit.</span> <span class='ocrx_word' id='word_1_131' title='bbox 755 1176 791 1213; x_wconf 85' lang='lat'>8.</span> <span class='ocrx_word' id='word_1_132' title='bbox 822 1174 1000 1225; x_wconf 90' lang='lat' dir='ltr'>Sychem</span> <span class='ocrx_word' id='word_1_133' title='bbox 1021 1174 1130 1214; x_wconf 90' lang='lat' dir='ltr'>filius</span> <span class='ocrx_word' id='word_1_134' title='bbox 1152 1187 1269 1214; x_wconf 89' lang='lat' dir='ltr'>meus</span> <span class='ocrx_word' id='word_1_135' title='bbox 1291 1174 1415 1225; x_wconf 89' lang='lat' dir='ltr'>elegit</span> <span class='ocrx_word' id='word_1_136' title='bbox 1437 1175 1578 1214; x_wconf 88' lang='lat' dir='ltr'>animo</span> <span class='ocrx_word' id='word_1_137' title='bbox 1599 1175 1728 1215; x_wconf 91' lang='lat' dir='ltr'>filiam</span> <span class='ocrx_word' id='word_1_138' title='bbox 1749 1182 1953 1225; x_wconf 84' lang='lat' dir='ltr'>vestram3</span> <span class='ocrx_word' id='word_1_139' title='bbox 1983 1177 2082 1216; x_wconf 90' lang='lat' dir='ltr'>date</span> <span class='ocrx_word' id='word_1_140' title='bbox 2102 1190 2197 1227; x_wconf 90' lang='lat' dir='ltr'>ergo</span> 
     </span>
     <span class='ocr_line' id='line_1_15' title="bbox 523 1239 2196 1283; baseline 0.002 -5"><span class='ocrx_word' id='word_1_141' title='bbox 523 1239 583 1279; x_wconf 92' lang='lat' dir='ltr'>illi</span> <span class='ocrx_word' id='word_1_142' title='bbox 606 1253 698 1280; x_wconf 91' lang='lat' dir='ltr'>eam</span> <span class='ocrx_word' id='word_1_143' title='bbox 719 1253 901 1280; x_wconf 86' lang='lat' dir='ltr'>uxorem.</span> <span class='ocrx_word' id='word_1_144' title='bbox 957 1241 1008 1279; x_wconf 93' lang='lat' dir='ltr'>In</span> <span class='ocrx_word' id='word_1_145' title='bbox 1031 1240 1110 1280; x_wconf 92' lang='lat' dir='ltr'>hoc</span> <span class='ocrx_word' id='word_1_146' title='bbox 1132 1240 1284 1280; x_wconf 92' lang='lat' dir='ltr'>similes</span> <span class='ocrx_word' id='word_1_147' title='bbox 1307 1241 1458 1281; x_wconf 90' lang='lat' dir='ltr'>erimus</span> <span class='ocrx_word' id='word_1_148' title='bbox 1480 1241 1600 1281; x_wconf 88' lang='lat' dir='ltr'>vobis</span> <span class='ocrx_word' id='word_1_149' title='bbox 1623 1247 1666 1282; x_wconf 92' lang='lat' dir='ltr'>et</span> <span class='ocrx_word' id='word_1_150' title='bbox 1688 1242 1975 1282; x_wconf 86' lang='lat' dir='ltr'>habitabimus</span> <span class='ocrx_word' id='word_1_151' title='bbox 1996 1243 2039 1282; x_wconf 90' lang='lat' dir='ltr'>in</span> <span class='ocrx_word' id='word_1_152' title='bbox 2061 1242 2196 1283; x_wconf 88' lang='lat' dir='ltr'>vobis.</span> 
     </span>
     <span class='ocr_line' id='line_1_16' title="bbox 530 1306 2198 1361; baseline 0.002 -16"><span class='ocrx_word' id='word_1_153' title='bbox 530 1319 590 1357; x_wconf 88' lang='lat'>19.</span> <span class='ocrx_word' id='word_1_154' title='bbox 618 1306 848 1357; x_wconf 90' lang='lat' dir='ltr'>Adpositus</span> <span class='ocrx_word' id='word_1_155' title='bbox 868 1306 978 1346; x_wconf 92' lang='lat' dir='ltr'>enim</span> <span class='ocrx_word' id='word_1_156' title='bbox 1000 1312 1090 1353; x_wconf 84' lang='lat' dir='ltr'>erat</span> <span class='ocrx_word' id='word_1_157' title='bbox 1110 1307 1218 1346; x_wconf 88' lang='lat' dir='ltr'>filiae</span> <span class='ocrx_word' id='word_1_158' title='bbox 1240 1307 1381 1347; x_wconf 91' lang='lat' dir='ltr'>Iacob.</span> <span class='ocrx_word' id='word_1_159' title='bbox 1440 1310 1501 1347; x_wconf 83' lang='lat'>26.</span> <span class='ocrx_word' id='word_1_160' title='bbox 1532 1308 1588 1347; x_wconf 89' lang='lat' dir='ltr'>Et</span> <span class='ocrx_word' id='word_1_161' title='bbox 1609 1308 1741 1348; x_wconf 90' lang='lat' dir='ltr'>filiurn</span> <span class='ocrx_word' id='word_1_162' title='bbox 1763 1308 1850 1349; x_wconf 90' lang='lat' dir='ltr'>eius</span> <span class='ocrx_word' id='word_1_163' title='bbox 1872 1309 2050 1361; x_wconf 89' lang='lat' dir='ltr'>Sychem</span> <span class='ocrx_word' id='word_1_164' title='bbox 2070 1309 2198 1349; x_wconf 89' lang='lat' dir='ltr'>inter-</span> 
     </span>
     <span class='ocr_line' id='line_1_17' title="bbox 524 1372 2197 1423; baseline 0.002 -11"><span class='ocrx_word' id='word_1_165' title='bbox 524 1372 713 1412; x_wconf 86' lang='lat' dir='ltr'>fecerunt</span> <span class='ocrx_word' id='word_1_166' title='bbox 731 1372 774 1412; x_wconf 91' lang='lat' dir='ltr'>in</span> <span class='ocrx_word' id='word_1_167' title='bbox 794 1385 863 1412; x_wconf 91' lang='lat' dir='ltr'>ore</span> <span class='ocrx_word' id='word_1_168' title='bbox 880 1373 1020 1423; x_wconf 88' lang='lat' dir='ltr'>gladii.</span> <span class='ocrx_word' id='word_1_169' title='bbox 1079 1375 1140 1413; x_wconf 83' lang='lat'>28.</span> <span class='ocrx_word' id='word_1_170' title='bbox 1170 1373 1281 1414; x_wconf 91' lang='lat' dir='ltr'>Oves</span> <span class='ocrx_word' id='word_1_171' title='bbox 1301 1387 1443 1413; x_wconf 89' lang='lat' dir='ltr'>eorum</span> <span class='ocrx_word' id='word_1_172' title='bbox 1463 1380 1505 1414; x_wconf 92' lang='lat' dir='ltr'>et</span> <span class='ocrx_word' id='word_1_173' title='bbox 1524 1375 1653 1415; x_wconf 90' lang='lat' dir='ltr'>boves</span> <span class='ocrx_word' id='word_1_174' title='bbox 1673 1388 1816 1415; x_wconf 90' lang='lat' dir='ltr'>eorum</span> <span class='ocrx_word' id='word_1_175' title='bbox 1835 1381 1878 1415; x_wconf 91' lang='lat' dir='ltr'>et</span> <span class='ocrx_word' id='word_1_176' title='bbox 1897 1375 2034 1415; x_wconf 92' lang='lat' dir='ltr'>asinos</span> <span class='ocrx_word' id='word_1_177' title='bbox 2054 1388 2197 1416; x_wconf 90' lang='lat' dir='ltr'>eorum</span> 
     </span>
     <span class='ocr_line' id='line_1_18' title="bbox 526 1439 2197 1493; baseline 0.002 -15"><span class='ocrx_word' id='word_1_178' title='bbox 526 1452 813 1490; x_wconf 91' lang='lat' dir='ltr'>quaecumque</span> <span class='ocrx_word' id='word_1_179' title='bbox 835 1445 954 1479; x_wconf 92' lang='lat' dir='ltr'>erant</span> <span class='ocrx_word' id='word_1_180' title='bbox 977 1439 1019 1478; x_wconf 92' lang='lat' dir='ltr'>in</span> <span class='ocrx_word' id='word_1_181' title='bbox 1043 1439 1216 1480; x_wconf 89' lang='lat' dir='ltr'>civitate</span> <span class='ocrx_word' id='word_1_182' title='bbox 1239 1446 1281 1480; x_wconf 94' lang='lat' dir='ltr'>et</span> <span class='ocrx_word' id='word_1_183' title='bbox 1305 1453 1592 1492; x_wconf 87' lang='lat' dir='ltr'>quaecumque</span> <span class='ocrx_word' id='word_1_184' title='bbox 1616 1447 1735 1481; x_wconf 90' lang='lat' dir='ltr'>erant</span> <span class='ocrx_word' id='word_1_185' title='bbox 1757 1441 1800 1481; x_wconf 91' lang='lat' dir='ltr'>in</span> <span class='ocrx_word' id='word_1_186' title='bbox 1824 1455 1973 1493; x_wconf 89' lang='lat' dir='ltr'>campo</span> <span class='ocrx_word' id='word_1_187' title='bbox 1996 1442 2197 1483; x_wconf 90' lang='lat' dir='ltr'>tulerunt.</span> 
     </span>
     <span class='ocr_line' id='line_1_19' title="bbox 529 1504 2200 1559; baseline 0.002 -15"><span class='ocrx_word' id='word_1_188' title='bbox 529 1518 590 1556; x_wconf 87' lang='lat'>29.</span> <span class='ocrx_word' id='word_1_189' title='bbox 620 1506 675 1545; x_wconf 90' lang='lat' dir='ltr'>Et</span> <span class='ocrx_word' id='word_1_190' title='bbox 700 1505 841 1545; x_wconf 92' lang='lat' dir='ltr'>omnia</span> <span class='ocrx_word' id='word_1_191' title='bbox 861 1518 1034 1557; x_wconf 91' lang='lat' dir='ltr'>corpora</span> <span class='ocrx_word' id='word_1_192' title='bbox 1059 1519 1202 1546; x_wconf 91' lang='lat' dir='ltr'>eorum</span> <span class='ocrx_word' id='word_1_193' title='bbox 1229 1504 1288 1556; x_wconf 89' lang='lat' dir='ltr'>(et</span> <span class='ocrx_word' id='word_1_194' title='bbox 1310 1520 1476 1547; x_wconf 90' lang='lat' dir='ltr'>omnem</span> <span class='ocrx_word' id='word_1_195' title='bbox 1499 1508 1811 1559; x_wconf 90' lang='lat' dir='ltr'>suppelectilem</span> <span class='ocrx_word' id='word_1_196' title='bbox 1828 1522 1971 1548; x_wconf 90' lang='lat' dir='ltr'>eorum</span> <span class='ocrx_word' id='word_1_197' title='bbox 1993 1514 2036 1549; x_wconf 89' lang='lat' dir='ltr'>et</span> <span class='ocrx_word' id='word_1_198' title='bbox 2053 1521 2200 1548; x_wconf 83' lang='lat' dir='ltr'>uxores</span> 
     </span>
     <span class='ocr_line' id='line_1_20' title="bbox 525 1570 2198 1626; baseline 0.002 -15"><span class='ocrx_word' id='word_1_199' title='bbox 525 1570 685 1620; x_wconf 89' lang='lat' dir='ltr'>eorum)</span> <span class='ocrx_word' id='word_1_200' title='bbox 716 1572 1040 1624; x_wconf 89' lang='lat' dir='ltr'>captivaverunt</span> <span class='ocrx_word' id='word_1_201' title='bbox 1066 1579 1109 1613; x_wconf 90' lang='lat' dir='ltr'>et</span> <span class='ocrx_word' id='word_1_202' title='bbox 1136 1573 1398 1625; x_wconf 88' lang='lat' dir='ltr'>diripuerunt</span> <span class='ocrx_word' id='word_1_203' title='bbox 1424 1587 1713 1626; x_wconf 84' lang='lat' dir='ltr'>quaecumque</span> <span class='ocrx_word' id='word_1_204' title='bbox 1739 1581 1859 1615; x_wconf 93' lang='lat' dir='ltr'>erant</span> <span class='ocrx_word' id='word_1_205' title='bbox 1885 1575 1928 1615; x_wconf 92' lang='lat' dir='ltr'>in</span> <span class='ocrx_word' id='word_1_206' title='bbox 1955 1575 2128 1615; x_wconf 86' lang='lat' dir='ltr'>civitate</span> <span class='ocrx_word' id='word_1_207' title='bbox 2155 1580 2198 1615; x_wconf 91' lang='lat' dir='ltr'>et</span> 
     </span>
     <span class='ocr_line' id='line_1_21' title="bbox 525 1639 2198 1693; baseline 0.002 -15"><span class='ocrx_word' id='word_1_208' title='bbox 525 1651 812 1690; x_wconf 88' lang='lat' dir='ltr'>quaecumque</span> <span class='ocrx_word' id='word_1_209' title='bbox 825 1645 945 1679; x_wconf 94' lang='lat' dir='ltr'>erant</span> <span class='ocrx_word' id='word_1_210' title='bbox 957 1639 1000 1679; x_wconf 91' lang='lat' dir='ltr'>in</span> <span class='ocrx_word' id='word_1_211' title='bbox 1015 1640 1220 1680; x_wconf 90' lang='lat' dir='ltr'>domibus.</span> <span class='ocrx_word' id='word_1_212' title='bbox 1277 1655 1340 1692; x_wconf 83' lang='lat'>30.</span> <span class='ocrx_word' id='word_1_213' title='bbox 1371 1642 1460 1692; x_wconf 90' lang='lat' dir='ltr'>Ego</span> <span class='ocrx_word' id='word_1_214' title='bbox 1474 1648 1617 1681; x_wconf 91' lang='lat' dir='ltr'>autem</span> <span class='ocrx_word' id='word_1_215' title='bbox 1631 1642 1801 1693; x_wconf 85' lang='lat' dir='ltr'>exiguus</span> <span class='ocrx_word' id='word_1_216' title='bbox 1821 1656 1913 1682; x_wconf 90' lang='lat' dir='ltr'>sum</span> <span class='ocrx_word' id='word_1_217' title='bbox 1932 1640 2008 1692; x_wconf 91' lang='lat' dir='ltr'>(in)</span> <span class='ocrx_word' id='word_1_218' title='bbox 2025 1654 2198 1682; x_wconf 87' lang='lat' dir='ltr'>numero</span> 
     </span>
     <span class='ocr_line' id='line_1_22' title="bbox 525 1705 1410 1757; baseline 0.002 -12"><span class='ocrx_word' id='word_1_219' title='bbox 525 1711 566 1745; x_wconf 84' lang='lat' dir='ltr'>et</span> <span class='ocrx_word' id='word_1_220' title='bbox 586 1705 880 1746; x_wconf 91' lang='lat' dir='ltr'>convenientes</span> <span class='ocrx_word' id='word_1_221' title='bbox 895 1719 1018 1757; x_wconf 92' lang='lat' dir='ltr'>super</span> <span class='ocrx_word' id='word_1_222' title='bbox 1036 1720 1102 1746; x_wconf 92' lang='lat' dir='ltr'>me</span> <span class='ocrx_word' id='word_1_223' title='bbox 1121 1707 1312 1747; x_wconf 90' lang='lat' dir='ltr'>occident</span> <span class='ocrx_word' id='word_1_224' title='bbox 1331 1721 1410 1748; x_wconf 88' lang='lat' dir='ltr'>me.</span> 
     </span>
    </p>
   </div>
   <div class='ocr_carea' id='block_1_6' title="bbox 1243 1807 1484 1848">
    <p class='ocr_par' dir='ltr' id='par_1_6' title="bbox 1243 1807 1484 1848">
     <span class='ocr_line' id='line_1_23' title="bbox 1243 1807 1484 1848; baseline 0.004 -9"><span class='ocrx_word' id='word_1_225' title='bbox 1243 1807 1418 1840; x_wconf 84' lang='lat' dir='ltr'><strong>CHAPTER</strong></span> <span class='ocrx_word' id='word_1_226' title='bbox 1442 1817 1484 1848; x_wconf 88' lang='lat'>35</span> 
     </span>
    </p>
   </div>
   <div class='ocr_carea' id='block_1_7' title="bbox 520 1872 2197 3047">
    <p class='ocr_par' dir='ltr' id='par_1_7' title="bbox 520 1872 2197 2857">
     <span class='ocr_line' id='line_1_24' title="bbox 607 1872 2197 1925; baseline 0.002 -13"><span class='ocrx_word' id='word_1_227' title='bbox 607 1886 642 1912; x_wconf 90' lang='lat'>1.</span> <span class='ocrx_word' id='word_1_228' title='bbox 670 1872 789 1912; x_wconf 87' lang='lat' dir='ltr'>Dixit</span> <span class='ocrx_word' id='word_1_229' title='bbox 814 1878 957 1913; x_wconf 91' lang='lat' dir='ltr'>autem</span> <span class='ocrx_word' id='word_1_230' title='bbox 982 1874 1099 1920; x_wconf 89' lang='lat' dir='ltr'>Deus</span> <span class='ocrx_word' id='word_1_231' title='bbox 1124 1873 1179 1914; x_wconf 92' lang='lat' dir='ltr'>ad</span> <span class='ocrx_word' id='word_1_232' title='bbox 1204 1874 1350 1914; x_wconf 89' lang='lat' dir='ltr'>Iacob:</span> <span class='ocrx_word' id='word_1_233' title='bbox 1392 1875 1519 1925; x_wconf 88' lang='lat' dir='ltr'>Surge</span> <span class='ocrx_word' id='word_1_234' title='bbox 1545 1881 1587 1914; x_wconf 87' lang='lat' dir='ltr'>et</span> <span class='ocrx_word' id='word_1_235' title='bbox 1613 1875 1789 1915; x_wconf 91' lang='lat' dir='ltr'>ascende</span> <span class='ocrx_word' id='word_1_236' title='bbox 1814 1875 1857 1915; x_wconf 90' lang='lat' dir='ltr'>in</span> <span class='ocrx_word' id='word_1_237' title='bbox 1883 1876 2021 1915; x_wconf 93' lang='lat' dir='ltr'>locum</span> <span class='ocrx_word' id='word_1_238' title='bbox 2047 1875 2197 1915; x_wconf 91' lang='lat' dir='ltr'>Bethel</span> 
     </span>
     <span class='ocr_line' id='line_1_25' title="bbox 525 1939 2197 1993; baseline 0.002 -15"><span class='ocrx_word' id='word_1_239' title='bbox 525 1945 568 1979; x_wconf 90' lang='lat' dir='ltr'>et</span> <span class='ocrx_word' id='word_1_240' title='bbox 585 1939 732 1979; x_wconf 90' lang='lat' dir='ltr'>habita</span> <span class='ocrx_word' id='word_1_241' title='bbox 748 1939 824 1988; x_wconf 82' lang='lat' dir='ltr'>ibi3</span> <span class='ocrx_word' id='word_1_242' title='bbox 857 1945 899 1979; x_wconf 91' lang='lat' dir='ltr'>et</span> <span class='ocrx_word' id='word_1_243' title='bbox 917 1940 983 1980; x_wconf 81' lang='lat' dir='ltr'>fac</span> <span class='ocrx_word' id='word_1_244' title='bbox 1001 1940 1059 1980; x_wconf 91' lang='lat' dir='ltr'>ibi</span> <span class='ocrx_word' id='word_1_245' title='bbox 1078 1954 1194 1980; x_wconf 92' lang='lat' dir='ltr'>aram</span> <span class='ocrx_word' id='word_1_246' title='bbox 1213 1942 1305 1980; x_wconf 90' lang='lat' dir='ltr'>Deo</span> <span class='ocrx_word' id='word_1_247' title='bbox 1323 1941 1395 1992; x_wconf 89' lang='lat' dir='ltr'>qui</span> <span class='ocrx_word' id='word_1_248' title='bbox 1413 1942 1609 1993; x_wconf 88' lang='lat' dir='ltr'>adparuit</span> <span class='ocrx_word' id='word_1_249' title='bbox 1628 1942 1722 1991; x_wconf 85' lang='lat' dir='ltr'>tibi;</span> <span class='ocrx_word' id='word_1_250' title='bbox 1756 1955 1851 1982; x_wconf 92' lang='lat' dir='ltr'>cum</span> <span class='ocrx_word' id='word_1_251' title='bbox 1869 1942 2030 1993; x_wconf 83' lang='lat' dir='ltr'>fugeres</span> <span class='ocrx_word' id='word_1_252' title='bbox 2049 1956 2073 1982; x_wconf 93' lang='lat' dir='ltr'>a</span> <span class='ocrx_word' id='word_1_253' title='bbox 2091 1942 2197 1982; x_wconf 82' lang='lat' dir='ltr'>facie</span> 
     </span>
     <span class='ocr_line' id='line_1_26' title="bbox 524 2006 2197 2059; baseline 0.002 -14"><span class='ocrx_word' id='word_1_254' title='bbox 524 2006 637 2046; x_wconf 90' lang='lat' dir='ltr'>Esau</span> <span class='ocrx_word' id='word_1_255' title='bbox 661 2006 803 2046; x_wconf 85' lang='lat' dir='ltr'>fratris</span> <span class='ocrx_word' id='word_1_256' title='bbox 829 2006 904 2046; x_wconf 91' lang='lat' dir='ltr'>tui.</span> <span class='ocrx_word' id='word_1_257' title='bbox 964 2020 998 2046; x_wconf 86' lang='lat'>2.</span> <span class='ocrx_word' id='word_1_258' title='bbox 1027 2007 1181 2047; x_wconf 91' lang='lat' dir='ltr'>Tollite</span> <span class='ocrx_word' id='word_1_259' title='bbox 1207 2008 1305 2047; x_wconf 90' lang='lat' dir='ltr'>deos</span> <span class='ocrx_word' id='word_1_260' title='bbox 1331 2008 1487 2048; x_wconf 85' lang='lat' dir='ltr'>alienos</span> <span class='ocrx_word' id='word_1_261' title='bbox 1513 2008 1585 2059; x_wconf 92' lang='lat' dir='ltr'>qui</span> <span class='ocrx_word' id='word_1_262' title='bbox 1611 2009 1829 2048; x_wconf 88' lang='lat' dir='ltr'>vobiscum</span> <span class='ocrx_word' id='word_1_263' title='bbox 1855 2015 1954 2049; x_wconf 91' lang='lat' dir='ltr'>sunt</span> <span class='ocrx_word' id='word_1_264' title='bbox 1981 2009 2032 2049; x_wconf 94' lang='lat' dir='ltr'>de</span> <span class='ocrx_word' id='word_1_265' title='bbox 2058 2009 2197 2049; x_wconf 92' lang='lat' dir='ltr'>medio</span> 
     </span>
     <span class='ocr_line' id='line_1_27' title="bbox 523 2073 2195 2126; baseline 0.002 -14"><span class='ocrx_word' id='word_1_266' title='bbox 523 2078 723 2112; x_wconf 90' lang='lat' dir='ltr'>vestrum.</span> <span class='ocrx_word' id='word_1_267' title='bbox 779 2086 817 2121; x_wconf 90' lang='lat'>4.</span> <span class='ocrx_word' id='word_1_268' title='bbox 847 2074 903 2113; x_wconf 89' lang='lat' dir='ltr'>Et</span> <span class='ocrx_word' id='word_1_269' title='bbox 917 2073 1122 2113; x_wconf 90' lang='lat' dir='ltr'>dederunt</span> <span class='ocrx_word' id='word_1_270' title='bbox 1135 2074 1262 2114; x_wconf 92' lang='lat' dir='ltr'>Iacob</span> <span class='ocrx_word' id='word_1_271' title='bbox 1277 2074 1376 2114; x_wconf 92' lang='lat' dir='ltr'>deos</span> <span class='ocrx_word' id='word_1_272' title='bbox 1389 2074 1544 2115; x_wconf 90' lang='lat' dir='ltr'>alienos</span> <span class='ocrx_word' id='word_1_273' title='bbox 1557 2075 1629 2126; x_wconf 91' lang='lat' dir='ltr'>qui</span> <span class='ocrx_word' id='word_1_274' title='bbox 1642 2082 1762 2115; x_wconf 87' lang='lat' dir='ltr'>erant</span> <span class='ocrx_word' id='word_1_275' title='bbox 1774 2075 1817 2115; x_wconf 92' lang='lat' dir='ltr'>in</span> <span class='ocrx_word' id='word_1_276' title='bbox 1831 2075 2025 2116; x_wconf 87' lang='lat' dir='ltr'>manibus</span> <span class='ocrx_word' id='word_1_277' title='bbox 2038 2089 2195 2125; x_wconf 91' lang='lat' dir='ltr'>eorum,</span> 
     </span>
     <span class='ocr_line' id='line_1_28' title="bbox 523 2131 2195 2193; baseline 0.002 -14"><span class='ocrx_word' id='word_1_278' title='bbox 523 2145 566 2179; x_wconf 94' lang='lat' dir='ltr'>et</span> <span class='ocrx_word' id='word_1_279' title='bbox 586 2131 751 2179; x_wconf 89' lang='lat' dir='ltr'>inaures</span> <span class='ocrx_word' id='word_1_280' title='bbox 773 2153 881 2191; x_wconf 90' lang='lat' dir='ltr'>quae</span> <span class='ocrx_word' id='word_1_281' title='bbox 903 2146 1022 2180; x_wconf 87' lang='lat' dir='ltr'>erant</span> <span class='ocrx_word' id='word_1_282' title='bbox 1042 2140 1085 2179; x_wconf 91' lang='lat' dir='ltr'>in</span> <span class='ocrx_word' id='word_1_283' title='bbox 1108 2140 1278 2180; x_wconf 92' lang='lat' dir='ltr'>auribus</span> <span class='ocrx_word' id='word_1_284' title='bbox 1300 2154 1455 2181; x_wconf 90' lang='lat' dir='ltr'>eorum.</span> <span class='ocrx_word' id='word_1_285' title='bbox 1514 2154 1549 2193; x_wconf 86' lang='lat'>5.</span> <span class='ocrx_word' id='word_1_286' title='bbox 1580 2143 1636 2182; x_wconf 90' lang='lat' dir='ltr'>Et</span> <span class='ocrx_word' id='word_1_287' title='bbox 1658 2142 1796 2182; x_wconf 82' lang='lat' dir='ltr'>factus</span> <span class='ocrx_word' id='word_1_288' title='bbox 1818 2148 1881 2182; x_wconf 90' lang='lat' dir='ltr'>est</span> <span class='ocrx_word' id='word_1_289' title='bbox 1903 2142 2029 2182; x_wconf 92' lang='lat' dir='ltr'>timor</span> <span class='ocrx_word' id='word_1_290' title='bbox 2051 2142 2132 2182; x_wconf 90' lang='lat' dir='ltr'>Dei</span> <span class='ocrx_word' id='word_1_291' title='bbox 2152 2142 2195 2181; x_wconf 90' lang='lat' dir='ltr'>in</span> 
     </span>
     <span class='ocr_line' id='line_1_29' title="bbox 526 2206 2194 2260; baseline 0.002 -15"><span class='ocrx_word' id='word_1_292' title='bbox 526 2206 771 2246; x_wconf 88' lang='lat' dir='ltr'>civitatibus</span> <span class='ocrx_word' id='word_1_293' title='bbox 800 2219 907 2257; x_wconf 86' lang='lat' dir='ltr'>quae</span> <span class='ocrx_word' id='word_1_294' title='bbox 936 2206 1043 2246; x_wconf 91' lang='lat' dir='ltr'>circa</span> <span class='ocrx_word' id='word_1_295' title='bbox 1070 2207 1161 2247; x_wconf 93' lang='lat' dir='ltr'>illos</span> <span class='ocrx_word' id='word_1_296' title='bbox 1189 2213 1321 2257; x_wconf 90' lang='lat' dir='ltr'>erant,</span> <span class='ocrx_word' id='word_1_297' title='bbox 1346 2214 1388 2248; x_wconf 89' lang='lat' dir='ltr'>et</span> <span class='ocrx_word' id='word_1_298' title='bbox 1416 2221 1499 2248; x_wconf 91' lang='lat' dir='ltr'>non</span> <span class='ocrx_word' id='word_1_299' title='bbox 1527 2209 1739 2249; x_wconf 89' lang='lat' dir='ltr'>consecuti</span> <span class='ocrx_word' id='word_1_300' title='bbox 1765 2215 1863 2260; x_wconf 88' lang='lat' dir='ltr'>post</span> <span class='ocrx_word' id='word_1_301' title='bbox 1890 2209 1995 2249; x_wconf 90' lang='lat' dir='ltr'>filios</span> <span class='ocrx_word' id='word_1_302' title='bbox 2023 2209 2194 2249; x_wconf 90' lang='lat' dir='ltr'>Israhel.</span> 
     </span>
     <span class='ocr_line' id='line_1_30' title="bbox 525 2272 2196 2327; baseline 0.002 -15"><span class='ocrx_word' id='word_1_303' title='bbox 525 2275 562 2312; x_wconf 90' lang='lat'>6.</span> <span class='ocrx_word' id='word_1_304' title='bbox 591 2272 717 2314; x_wconf 91' lang='lat' dir='ltr'>Venit</span> <span class='ocrx_word' id='word_1_305' title='bbox 750 2279 893 2312; x_wconf 91' lang='lat' dir='ltr'>autem</span> <span class='ocrx_word' id='word_1_306' title='bbox 930 2274 1057 2313; x_wconf 89' lang='lat' dir='ltr'>Iacob</span> <span class='ocrx_word' id='word_1_307' title='bbox 1091 2274 1134 2313; x_wconf 92' lang='lat' dir='ltr'>in</span> <span class='ocrx_word' id='word_1_308' title='bbox 1161 2274 1288 2323; x_wconf 88' lang='lat' dir='ltr'>Luza,</span> <span class='ocrx_word' id='word_1_309' title='bbox 1316 2288 1423 2326; x_wconf 89' lang='lat' dir='ltr'>quae</span> <span class='ocrx_word' id='word_1_310' title='bbox 1455 2281 1518 2315; x_wconf 88' lang='lat' dir='ltr'>est</span> <span class='ocrx_word' id='word_1_311' title='bbox 1549 2275 1591 2314; x_wconf 94' lang='lat' dir='ltr'>in</span> <span class='ocrx_word' id='word_1_312' title='bbox 1626 2282 1736 2315; x_wconf 92' lang='lat' dir='ltr'>terra</span> <span class='ocrx_word' id='word_1_313' title='bbox 1770 2276 1974 2316; x_wconf 90' lang='lat' dir='ltr'>Chanaan</span> <span class='ocrx_word' id='word_1_314' title='bbox 2000 2289 2107 2327; x_wconf 90' lang='lat' dir='ltr'>quae</span> <span class='ocrx_word' id='word_1_315' title='bbox 2133 2281 2196 2315; x_wconf 90' lang='lat' dir='ltr'>est</span> 
     </span>
     <span class='ocr_line' id='line_1_31' title="bbox 525 2339 2196 2392; baseline 0.003 -14"><span class='ocrx_word' id='word_1_316' title='bbox 525 2339 686 2379; x_wconf 90' lang='lat' dir='ltr'>Bethel.</span> <span class='ocrx_word' id='word_1_317' title='bbox 752 2353 813 2379; x_wconf 91' lang='lat'>10.</span> <span class='ocrx_word' id='word_1_318' title='bbox 842 2340 899 2379; x_wconf 91' lang='lat' dir='ltr'>Et</span> <span class='ocrx_word' id='word_1_319' title='bbox 925 2340 1030 2380; x_wconf 85' lang='lat' dir='ltr'>dixit</span> <span class='ocrx_word' id='word_1_320' title='bbox 1056 2340 1110 2379; x_wconf 92' lang='lat' dir='ltr'>ei:</span> <span class='ocrx_word' id='word_1_321' title='bbox 1150 2341 1316 2380; x_wconf 91' lang='lat' dir='ltr'>Nomen</span> <span class='ocrx_word' id='word_1_322' title='bbox 1343 2347 1464 2381; x_wconf 91' lang='lat' dir='ltr'>tuum</span> <span class='ocrx_word' id='word_1_323' title='bbox 1489 2341 1574 2381; x_wconf 92' lang='lat' dir='ltr'>iam</span> <span class='ocrx_word' id='word_1_324' title='bbox 1600 2356 1683 2382; x_wconf 91' lang='lat' dir='ltr'>non</span> <span class='ocrx_word' id='word_1_325' title='bbox 1709 2343 1931 2383; x_wconf 90' lang='lat' dir='ltr'>vocabitur</span> <span class='ocrx_word' id='word_1_326' title='bbox 1955 2342 2097 2392; x_wconf 86' lang='lat' dir='ltr'>Iacob,</span> <span class='ocrx_word' id='word_1_327' title='bbox 2124 2341 2196 2382; x_wconf 93' lang='lat' dir='ltr'>sed</span> 
     </span>
     <span class='ocr_line' id='line_1_32' title="bbox 521 2406 2196 2460; baseline 0.002 -15"><span class='ocrx_word' id='word_1_328' title='bbox 521 2406 680 2446; x_wconf 90' lang='lat' dir='ltr'>Israhel</span> <span class='ocrx_word' id='word_1_329' title='bbox 702 2406 780 2446; x_wconf 90' lang='lat' dir='ltr'>erit</span> <span class='ocrx_word' id='word_1_330' title='bbox 801 2420 952 2446; x_wconf 91' lang='lat' dir='ltr'>nomen</span> <span class='ocrx_word' id='word_1_331' title='bbox 975 2413 1109 2447; x_wconf 92' lang='lat' dir='ltr'>tuum.</span> <span class='ocrx_word' id='word_1_332' title='bbox 1169 2422 1229 2448; x_wconf 87' lang='lat'>11.</span> <span class='ocrx_word' id='word_1_333' title='bbox 1261 2408 1417 2448; x_wconf 90' lang='lat' dir='ltr'>Gentes</span> <span class='ocrx_word' id='word_1_334' title='bbox 1439 2415 1481 2448; x_wconf 89' lang='lat' dir='ltr'>et</span> <span class='ocrx_word' id='word_1_335' title='bbox 1502 2409 1842 2459; x_wconf 88' lang='lat' dir='ltr'>congregationes</span> <span class='ocrx_word' id='word_1_336' title='bbox 1863 2409 2051 2460; x_wconf 90' lang='lat' dir='ltr'>gentium</span> <span class='ocrx_word' id='word_1_337' title='bbox 2073 2414 2196 2449; x_wconf 92' lang='lat' dir='ltr'>erunt</span> 
     </span>
     <span class='ocr_line' id='line_1_33' title="bbox 524 2473 2193 2524; baseline 0.002 -12"><span class='ocrx_word' id='word_1_338' title='bbox 524 2486 572 2513; x_wconf 86' lang='lat' dir='ltr'>ex</span> <span class='ocrx_word' id='word_1_339' title='bbox 590 2478 645 2512; x_wconf 94' lang='lat' dir='ltr'>te.</span> <span class='ocrx_word' id='word_1_340' title='bbox 705 2487 765 2524; x_wconf 81' lang='lat'>13.</span> <span class='ocrx_word' id='word_1_341' title='bbox 794 2473 994 2513; x_wconf 90' lang='lat' dir='ltr'>Ascendit</span> <span class='ocrx_word' id='word_1_342' title='bbox 1013 2479 1155 2513; x_wconf 91' lang='lat' dir='ltr'>autern</span> <span class='ocrx_word' id='word_1_343' title='bbox 1174 2475 1290 2514; x_wconf 92' lang='lat' dir='ltr'>Deus</span> <span class='ocrx_word' id='word_1_344' title='bbox 1308 2475 1361 2514; x_wconf 91' lang='lat' dir='ltr'>ab</span> <span class='ocrx_word' id='word_1_345' title='bbox 1380 2488 1429 2514; x_wconf 91' lang='lat' dir='ltr'>eo</span> <span class='ocrx_word' id='word_1_346' title='bbox 1450 2473 1536 2524; x_wconf 87' lang='lat' dir='ltr'>(de)</span> <span class='ocrx_word' id='word_1_347' title='bbox 1557 2476 1647 2515; x_wconf 91' lang='lat' dir='ltr'>loco</span> <span class='ocrx_word' id='word_1_348' title='bbox 1665 2476 1737 2515; x_wconf 93' lang='lat' dir='ltr'>ubi</span> <span class='ocrx_word' id='word_1_349' title='bbox 1755 2477 1920 2516; x_wconf 92' lang='lat' dir='ltr'>locutus</span> <span class='ocrx_word' id='word_1_350' title='bbox 1938 2481 2001 2516; x_wconf 90' lang='lat' dir='ltr'>est</span> <span class='ocrx_word' id='word_1_351' title='bbox 2018 2489 2114 2516; x_wconf 92' lang='lat' dir='ltr'>cum</span> <span class='ocrx_word' id='word_1_352' title='bbox 2132 2489 2193 2516; x_wconf 87' lang='lat' dir='ltr'>eo.</span> 
     </span>
     <span class='ocr_line' id='line_1_34' title="bbox 526 2540 2194 2593; baseline 0.002 -14"><span class='ocrx_word' id='word_1_353' title='bbox 526 2553 587 2588; x_wconf 89' lang='lat'>14.</span> <span class='ocrx_word' id='word_1_354' title='bbox 616 2540 674 2579; x_wconf 93' lang='lat' dir='ltr'>Et</span> <span class='ocrx_word' id='word_1_355' title='bbox 702 2540 854 2580; x_wconf 89' lang='lat' dir='ltr'>statuit</span> <span class='ocrx_word' id='word_1_356' title='bbox 882 2540 1010 2580; x_wconf 92' lang='lat' dir='ltr'>Iacob</span> <span class='ocrx_word' id='word_1_357' title='bbox 1040 2540 1212 2580; x_wconf 92' lang='lat' dir='ltr'>titulum</span> <span class='ocrx_word' id='word_1_358' title='bbox 1239 2541 1282 2580; x_wconf 91' lang='lat' dir='ltr'>in</span> <span class='ocrx_word' id='word_1_359' title='bbox 1310 2541 1401 2581; x_wconf 92' lang='lat' dir='ltr'>loco</span> <span class='ocrx_word' id='word_1_360' title='bbox 1428 2542 1471 2581; x_wconf 92' lang='lat' dir='ltr'>in</span> <span class='ocrx_word' id='word_1_361' title='bbox 1501 2555 1584 2593; x_wconf 88' lang='lat' dir='ltr'>quo</span> <span class='ocrx_word' id='word_1_362' title='bbox 1612 2543 1777 2582; x_wconf 93' lang='lat' dir='ltr'>locutus</span> <span class='ocrx_word' id='word_1_363' title='bbox 1806 2556 1901 2582; x_wconf 93' lang='lat' dir='ltr'>cum</span> <span class='ocrx_word' id='word_1_364' title='bbox 1930 2556 1991 2592; x_wconf 90' lang='lat' dir='ltr'>eo,</span> <span class='ocrx_word' id='word_1_365' title='bbox 2022 2542 2194 2582; x_wconf 90' lang='lat' dir='ltr'>titulum</span> 
     </span>
     <span class='ocr_line' id='line_1_35' title="bbox 520 2606 2192 2660; baseline 0.002 -15"><span class='ocrx_word' id='word_1_366' title='bbox 520 2606 750 2657; x_wconf 88' lang='lat' dir='ltr'>lapideum;</span> <span class='ocrx_word' id='word_1_367' title='bbox 780 2613 822 2646; x_wconf 90' lang='lat' dir='ltr'>et</span> <span class='ocrx_word' id='word_1_368' title='bbox 836 2606 985 2646; x_wconf 80' lang='lat' dir='ltr'>libavit</span> <span class='ocrx_word' id='word_1_369' title='bbox 1001 2620 1124 2658; x_wconf 90' lang='lat' dir='ltr'>super</span> <span class='ocrx_word' id='word_1_370' title='bbox 1138 2621 1233 2647; x_wconf 92' lang='lat' dir='ltr'>eum</span> <span class='ocrx_word' id='word_1_371' title='bbox 1248 2607 1429 2647; x_wconf 89' lang='lat' dir='ltr'>libamen</span> <span class='ocrx_word' id='word_1_372' title='bbox 1445 2614 1487 2648; x_wconf 91' lang='lat' dir='ltr'>et</span> <span class='ocrx_word' id='word_1_373' title='bbox 1502 2608 1657 2649; x_wconf 79' lang='lat' dir='ltr'>infudit</span> <span class='ocrx_word' id='word_1_374' title='bbox 1673 2622 1796 2660; x_wconf 92' lang='lat' dir='ltr'>super</span> <span class='ocrx_word' id='word_1_375' title='bbox 1811 2623 1906 2649; x_wconf 91' lang='lat' dir='ltr'>eum</span> <span class='ocrx_word' id='word_1_376' title='bbox 1921 2609 2071 2650; x_wconf 92' lang='lat' dir='ltr'>oleum.</span> <span class='ocrx_word' id='word_1_377' title='bbox 2132 2621 2192 2659; x_wconf 85' lang='lat'>15.</span> 
     </span>
     <span class='ocr_line' id='line_1_36' title="bbox 524 2672 2194 2725; baseline 0.002 -13"><span class='ocrx_word' id='word_1_378' title='bbox 524 2673 580 2712; x_wconf 92' lang='lat' dir='ltr'>Et</span> <span class='ocrx_word' id='word_1_379' title='bbox 612 2672 783 2713; x_wconf 91' lang='lat' dir='ltr'>vocavit</span> <span class='ocrx_word' id='word_1_380' title='bbox 818 2673 946 2713; x_wconf 89' lang='lat' dir='ltr'>Iacob</span> <span class='ocrx_word' id='word_1_381' title='bbox 983 2687 1134 2713; x_wconf 92' lang='lat' dir='ltr'>nomen</span> <span class='ocrx_word' id='word_1_382' title='bbox 1166 2674 1244 2714; x_wconf 93' lang='lat' dir='ltr'>loci</span> <span class='ocrx_word' id='word_1_383' title='bbox 1277 2674 1320 2713; x_wconf 92' lang='lat' dir='ltr'>in</span> <span class='ocrx_word' id='word_1_384' title='bbox 1352 2688 1436 2725; x_wconf 92' lang='lat' dir='ltr'>quo</span> <span class='ocrx_word' id='word_1_385' title='bbox 1466 2675 1631 2715; x_wconf 92' lang='lat' dir='ltr'>locutus</span> <span class='ocrx_word' id='word_1_386' title='bbox 1663 2682 1726 2715; x_wconf 92' lang='lat' dir='ltr'>est</span> <span class='ocrx_word' id='word_1_387' title='bbox 1758 2689 1854 2715; x_wconf 93' lang='lat' dir='ltr'>cum</span> <span class='ocrx_word' id='word_1_388' title='bbox 1885 2689 1934 2716; x_wconf 89' lang='lat' dir='ltr'>eo</span> <span class='ocrx_word' id='word_1_389' title='bbox 1964 2675 2046 2715; x_wconf 90' lang='lat' dir='ltr'>illic</span> <span class='ocrx_word' id='word_1_390' title='bbox 2078 2676 2194 2715; x_wconf 92' lang='lat' dir='ltr'>Deus</span> 
     </span>
     <span class='ocr_line' id='line_1_37' title="bbox 523 2739 2193 2793; baseline 0.001 -15"><span class='ocrx_word' id='word_1_391' title='bbox 523 2739 749 2779; x_wconf 78' lang='lat' dir='ltr'>“Bethel.’&#39;</span> <span class='ocrx_word' id='word_1_392' title='bbox 808 2742 869 2779; x_wconf 86' lang='lat'>26.</span> <span class='ocrx_word' id='word_1_393' title='bbox 899 2740 956 2779; x_wconf 90' lang='lat' dir='ltr'>Hi</span> <span class='ocrx_word' id='word_1_394' title='bbox 987 2746 1085 2780; x_wconf 89' lang='lat' dir='ltr'>sunt</span> <span class='ocrx_word' id='word_1_395' title='bbox 1115 2740 1187 2779; x_wconf 89' lang='lat' dir='ltr'>filii</span> <span class='ocrx_word' id='word_1_396' title='bbox 1221 2741 1362 2790; x_wconf 91' lang='lat' dir='ltr'>Iacob,</span> <span class='ocrx_word' id='word_1_397' title='bbox 1387 2741 1459 2792; x_wconf 86' lang='lat' dir='ltr'>qui</span> <span class='ocrx_word' id='word_1_398' title='bbox 1484 2742 1585 2781; x_wconf 82' lang='lat' dir='ltr'>facti</span> <span class='ocrx_word' id='word_1_399' title='bbox 1611 2748 1710 2782; x_wconf 88' lang='lat' dir='ltr'>sunt</span> <span class='ocrx_word' id='word_1_400' title='bbox 1740 2742 1776 2782; x_wconf 92' lang='lat' dir='ltr'>ei</span> <span class='ocrx_word' id='word_1_401' title='bbox 1806 2742 1849 2781; x_wconf 93' lang='lat' dir='ltr'>in</span> <span class='ocrx_word' id='word_1_402' title='bbox 1881 2742 2193 2793; x_wconf 88' lang='lat' dir='ltr'>Mesopotamia</span> 
     </span>
     <span class='ocr_line' id='line_1_38' title="bbox 525 2805 680 2857; baseline 0 -12"><span class='ocrx_word' id='word_1_403' title='bbox 525 2805 680 2857; x_wconf 89' lang='lat' dir='ltr'>Syriae.</span> 
     </span>
    </p>

    <p class='ocr_par' dir='ltr' id='par_1_8' title="bbox 1241 2861 1481 2903">
     <span class='ocr_line' id='line_1_39' title="bbox 1241 2861 1481 2903; baseline 0.004 -9"><span class='ocrx_word' id='word_1_404' title='bbox 1241 2861 1415 2895; x_wconf 80' lang='lat' dir='ltr'><strong>CHAPTER</strong></span> <span class='ocrx_word' id='word_1_405' title='bbox 1439 2863 1481 2903; x_wconf 83' lang='lat'>36</span> 
     </span>
    </p>

    <p class='ocr_par' dir='ltr' id='par_1_9' title="bbox 605 2927 2192 2981">
     <span class='ocr_line' id='line_1_40' title="bbox 605 2927 2192 2981; baseline 0.003 -15"><span class='ocrx_word' id='word_1_406' title='bbox 605 2941 666 2967; x_wconf 90' lang='lat'>21.</span> <span class='ocrx_word' id='word_1_407' title='bbox 696 2927 752 2966; x_wconf 93' lang='lat' dir='ltr'>Hi</span> <span class='ocrx_word' id='word_1_408' title='bbox 775 2928 982 2979; x_wconf 90' lang='lat' dir='ltr'>principes</span> <span class='ocrx_word' id='word_1_409' title='bbox 1007 2928 1204 2968; x_wconf 91' lang='lat' dir='ltr'>Chorraei</span> <span class='ocrx_word' id='word_1_410' title='bbox 1227 2929 1300 2968; x_wconf 88' lang='lat' dir='ltr'>filii</span> <span class='ocrx_word' id='word_1_411' title='bbox 1325 2929 1411 2969; x_wconf 91' lang='lat' dir='ltr'>Seir</span> <span class='ocrx_word' id='word_1_412' title='bbox 1433 2929 1475 2969; x_wconf 90' lang='lat' dir='ltr'>in</span> <span class='ocrx_word' id='word_1_413' title='bbox 1501 2936 1610 2970; x_wconf 91' lang='lat' dir='ltr'>terra</span> <span class='ocrx_word' id='word_1_414' title='bbox 1634 2931 1783 2970; x_wconf 92' lang='lat' dir='ltr'>Edom.</span> <span class='ocrx_word' id='word_1_415' title='bbox 1839 2944 1903 2981; x_wconf 83' lang='lat'>31.</span> <span class='ocrx_word' id='word_1_416' title='bbox 1933 2930 1990 2969; x_wconf 94' lang='lat' dir='ltr'>Et</span> <span class='ocrx_word' id='word_1_417' title='bbox 2013 2929 2056 2969; x_wconf 90' lang='lat' dir='ltr'>hi</span> <span class='ocrx_word' id='word_1_418' title='bbox 2078 2943 2192 2980; x_wconf 89' lang='lat' dir='ltr'>reges</span> 
     </span>
    </p>

    <p class='ocr_par' dir='ltr' id='par_1_10' title="bbox 523 2993 2192 3047">
     <span class='ocr_line' id='line_1_41' title="bbox 523 2993 2192 3047; baseline 0.002 -15"><span class='ocrx_word' id='word_1_419' title='bbox 523 2993 594 3044; x_wconf 90' lang='lat' dir='ltr'>qui</span> <span class='ocrx_word' id='word_1_420' title='bbox 614 3000 893 3045; x_wconf 89' lang='lat' dir='ltr'>regnaverunt</span> <span class='ocrx_word' id='word_1_421' title='bbox 912 2995 954 3034; x_wconf 91' lang='lat' dir='ltr'>in</span> <span class='ocrx_word' id='word_1_422' title='bbox 976 2995 1125 3044; x_wconf 91' lang='lat' dir='ltr'>Edom,</span> <span class='ocrx_word' id='word_1_423' title='bbox 1146 3001 1375 3047; x_wconf 87' lang='lat' dir='ltr'>antequam</span> <span class='ocrx_word' id='word_1_424' title='bbox 1395 3003 1585 3047; x_wconf 86' lang='lat' dir='ltr'>regnaret</span> <span class='ocrx_word' id='word_1_425' title='bbox 1605 3010 1674 3037; x_wconf 83' lang='lat' dir='ltr'>rex</span> <span class='ocrx_word' id='word_1_426' title='bbox 1693 2996 1735 3036; x_wconf 92' lang='lat' dir='ltr'>in</span> <span class='ocrx_word' id='word_1_427' title='bbox 1755 2996 1926 3037; x_wconf 91' lang='lat' dir='ltr'>Israhel.</span> <span class='ocrx_word' id='word_1_428' title='bbox 1981 3010 2045 3045; x_wconf 91' lang='lat'>40.</span> <span class='ocrx_word' id='word_1_429' title='bbox 2075 2997 2192 3036; x_wconf 90' lang='lat' dir='ltr'>Haec</span> 
     </span>
    </p>
   </div>
  </div>
 </body>
</html>
