2309 3583
839 297 930 326 THE
961 296 1081 326 TEXT
1737 298 1789 339 33

132 412 308 453 noluerit
340 411 486 451 mulier
518 410 576 449 ire
610 422 773 449 mecum
803 441 811 448 .
844 441 851 448 .
884 440 892 448 .
925 440 933 448 .
962 409 1005 448 in
1038 415 1193 448 terram
1228 409 1279 448 de
1314 422 1396 460 qua
1431 409 1551 449 existi
1585 409 1694 450 inde.
1751 412 1789 449 6.

131 478 322 519 Adtende
358 477 450 526 tibi,
487 490 538 515 ne
574 489 740 515 revoces
776 475 907 514 filium
943 488 1082 514 meum
1117 474 1227 514 illuc.
1284 476 1319 513 8.
1351 474 1392 514 Si
1430 475 1607 514 noluerit
1645 476 1792 515 mulier

132 544 270 585 venire
295 550 447 592 tecum,
472 556 601 594 purus
627 542 704 581 eris
730 555 755 581 a
780 541 1013 581 iuramento
1039 541 1129 580 hoc.
1187 555 1223 591 9.
1254 541 1310 579 Et
1335 540 1475 591 posuit
1499 555 1600 591 puer
1620 555 1791 581 manum

132 623 250 663 suam
280 610 355 650 sub
383 610 536 648 femore
561 608 753 648 Abrahae
779 614 820 647 et
844 607 1000 647 iuravit
1026 608 1062 646 ei
1088 607 1139 647 de
1162 607 1290 646 verbo
1313 606 1403 646 hoc.
1464 621 1523 646 10.
1553 608 1609 646 Et
1633 609 1794 659 accepit

131 690 233 728 puer
255 677 396 716 decem
418 676 594 715 camelos
617 675 667 715 de
690 674 855 714 camelis
878 673 1034 713 domini
1058 673 1120 713 sui
1143 679 1185 712 et
1208 674 1258 713 de
1279 673 1473 712 omnibus
1494 673 1614 713 bonis
1637 674 1792 713 domini

132 743 194 783 sui
223 755 374 792 secum,
405 748 447 782 et
475 754 692 792 exsurgens
719 741 930 792 profectus
959 746 1022 780 est
1049 739 1094 779 in
1123 739 1477 790 Mesopotamiam
1504 739 1548 778 in
1578 739 1793 779 civitatem

131 809 312 850 Nachor.
371 822 431 859 13.
461 809 567 848 Ecce
596 821 670 858 ego
699 814 764 847 sto
794 820 915 858 super
943 807 1103 846 fontem
1131 820 1278 857 aquae.
1338 819 1398 854 14.
1429 806 1532 845 Bibe
1565 803 1642 854 (et)
1673 812 1722 845 tu
1751 812 1793 846 et

131 876 353 927 adaquabo
377 875 554 915 camelos
571 880 667 914 tuos
692 874 962 925 quoadusque
986 873 1126 912 bibere
1152 872 1351 912 desinent.
1413 874 1473 912 16.
1502 871 1628 923 Virgo
1652 878 1795 912 autem

132 948 222 983 erat
253 941 436 993 speciosa
467 941 571 981 facie
602 941 742 990 valde3
787 940 904 990 virgo
936 945 1039 989 erat,
1072 939 1136 979 vir
1168 952 1251 978 non
1283 944 1534 989 cognoverat
1566 952 1670 978 eam.
1730 941 1791 979 26.

132 1008 336 1049 Adoravit
358 1008 553 1048 Domino.
612 1019 672 1058 27.
702 1006 908 1057 Quoniam
932 1019 1014 1045 non
1038 1005 1256 1057 dereliquit
1278 1004 1486 1044 iustitiam
1509 1011 1551 1044 et
1573 1005 1797 1045 veritatem

133 1090 158 1116 a
177 1075 344 1116 domino
362 1088 468 1125 meo,
527 1076 587 1114 28.
617 1075 673 1113 Et
693 1087 858 1113 currens
875 1073 1013 1124 puella
1032 1071 1247 1112 nuntiavit
1266 1071 1309 1111 in
1329 1072 1500 1112 domum
1518 1072 1665 1111 matris
1684 1085 1795 1112 suae.

133 1156 197 1194 32.
227 1143 283 1181 Et
298 1155 452 1193 aquam
466 1142 606 1181 lavare
619 1140 795 1192 pedibus
809 1139 940 1191 ipsius
955 1145 997 1179 et
1011 1139 1187 1190 pedibus
1202 1138 1387 1178 virorum
1403 1138 1474 1190 qui
1490 1151 1585 1178 cum
1600 1152 1648 1178 eo
1665 1144 1797 1178 erant.

134 1221 198 1260 37.
227 1209 325 1249 Non
346 1222 482 1248 sumes
503 1221 671 1247 uxorem
691 1207 775 1246 filio
796 1220 889 1246 meo
911 1220 935 1246 a
956 1206 1119 1246 filiabus
1142 1205 1445 1254 Chanaeorum,
1467 1204 1576 1244 inter
1598 1218 1701 1256 quos
1723 1218 1798 1256 ego

134 1275 280 1316 habito
299 1275 343 1314 in
364 1280 474 1314 terra
495 1287 649 1314 eorum.
706 1276 769 1325 38.
800 1273 879 1314 Sed
900 1272 945 1312 in
966 1273 1137 1312 domum
1157 1271 1289 1323 patris
1310 1271 1392 1311 mei
1412 1271 1492 1311 ibis
1514 1277 1556 1311 et
1576 1271 1620 1310 in
1641 1271 1799 1311 tribum

134 1355 271 1382 meam
297 1348 339 1381 et
365 1355 501 1381 sumes
527 1354 695 1381 uxorem
721 1339 805 1380 filio
830 1353 923 1379 meo
948 1339 1057 1380 inde.
1113 1353 1178 1388 40.
1208 1338 1414 1378 Dominus
1441 1338 1508 1378 cui
1533 1338 1672 1389 placui
1699 1345 1798 1378 ante

133 1409 271 1461 ipsum
284 1408 372 1460 ipse
387 1408 529 1448 mittet
544 1408 736 1458 angelum
755 1420 876 1447 suum
895 1413 1047 1446 tecum.
1103 1420 1167 1455 41.
1196 1407 1315 1445 Tunc
1334 1405 1531 1445 innocens
1550 1405 1628 1445 eris
1647 1419 1673 1445 a
1690 1405 1800 1445 iura-

135 1482 277 1515 mento
298 1488 403 1514 meo.
458 1488 522 1523 42.
553 1474 594 1515 Si
615 1480 663 1514 tu
684 1487 900 1525 prosperas
921 1472 1035 1513 viam
1056 1486 1193 1512 meam
1215 1485 1342 1524 quam
1363 1485 1437 1523 ego
1459 1485 1569 1512 nunc
1590 1472 1799 1522 ingredior

135 1542 180 1582 in
202 1555 306 1582 eam.
362 1555 426 1592 43.
456 1542 562 1580 Ecce
586 1554 660 1591 ego
684 1546 749 1580 sto
773 1553 894 1591 super
917 1540 1077 1579 fontem
1100 1552 1234 1590 aquae
1264 1571 1272 1578 .
1304 1570 1312 1579 .
1345 1570 1353 1578 .
1386 1570 1394 1578 .
1424 1545 1466 1578 et
1490 1538 1568 1578 erit
1591 1539 1709 1589 virgo
1733 1538 1800 1578 cui

139 1609 294 1649 dixero:
336 1609 405 1647 Da
440 1607 542 1646 mihi
573 1607 714 1647 bibere
738 1607 935 1657 pusillum
959 1619 1093 1657 aquae
1119 1606 1170 1645 de
1194 1604 1345 1657 hydria
1370 1611 1459 1654 tua,
1513 1618 1578 1653 44.
1608 1605 1664 1644 Et
1691 1604 1801 1645 dicet

136 1675 254 1715 mihi:
286 1675 343 1714 Et
359 1680 408 1713 tu
422 1674 533 1724 bibe,
551 1679 593 1713 et
610 1673 776 1713 camelis
792 1673 876 1713 tuis
892 1672 1100 1722 hauriam3
1130 1672 1232 1712 haec
1249 1672 1394 1711 mulier
1411 1677 1473 1711 est
1491 1685 1617 1722 quam
1633 1671 1801 1722 paravit

137 1741 344 1782 Dominus
366 1741 524 1780 famulo
549 1753 622 1780 suo
647 1741 778 1780 Isaac.
834 1741 898 1788 48.
928 1740 985 1779 Et
1008 1738 1200 1779 benedixi
1224 1738 1455 1778 Dominum
1480 1739 1618 1777 Deum
1643 1737 1801 1778 domini

136 1808 217 1848 mei
235 1808 460 1848 Abraham.
515 1821 579 1858 49.
610 1807 651 1847 Si
670 1819 764 1857 ergo
783 1806 922 1846 facitis
941 1805 1263 1845 misericordiam
1287 1810 1329 1844 et
1355 1804 1562 1845 iustitiam
1589 1805 1644 1845 ad
1672 1804 1803 1845 domi-

137 1888 239 1915 num
257 1887 396 1914 meum
413 1873 650 1913 renuntiate
667 1872 782 1923 mihi,
802 1879 850 1913 ut
867 1873 1033 1913 redeam
1046 1871 1091 1911 in
1106 1872 1294 1912 dextram
1308 1877 1383 1911 aut
1396 1871 1440 1910 in
1459 1870 1680 1911 sinistram.
1739 1883 1801 1922 51.

137 1943 243 1982 Ecce
260 1942 448 1981 Rebecca
462 1941 507 1980 in
524 1946 748 1992 conspectu
764 1946 852 1988 tuo,
871 1939 1076 1990 accipiens
1091 1952 1269 1988 recurre3
1303 1944 1345 1978 et
1363 1937 1418 1978 sit
1436 1951 1537 1977 uxor
1554 1937 1628 1977 filii
1646 1938 1803 1978 domini

138 2008 214 2058 tui,
245 2008 598 2060 quemadmodum
623 2008 786 2046 locutus
808 2012 871 2046 est
890 2005 1109 2045 Dominus.
1166 2007 1229 2045 60.
1259 2006 1380 2045 Soror
1400 2010 1542 2044 nostra
1561 2018 1621 2054 es;
1652 2010 1740 2044 esto
1759 2005 1803 2044 in

138 2074 252 2114 milia
265 2074 426 2114 milium
440 2080 482 2114 et
496 2073 726 2114 hereditate
740 2073 930 2113 obtineat
945 2086 1083 2112 semen
1101 2078 1224 2111 tuum
1243 2071 1435 2111 civitates
1457 2071 1802 2111 adversariorum.

141 2144 204 2193 63.
232 2142 289 2181 Et
305 2140 404 2181 exiit
420 2142 539 2180 Isaac
555 2141 729 2180 exerceri
745 2140 788 2179 in
806 2153 953 2191 campo
969 2138 1153 2179 meridie.

853 2260 1028 2294 CHAPTER
1054 2271 1070 2292 2
1075 2270 1093 2302 5

221 2355 255 2381 1.
283 2340 476 2381 Adiciens
504 2347 646 2380 autem
673 2340 887 2380 Abraham
916 2339 1093 2391 sumpsit
1121 2351 1303 2387 uxorem,
1333 2337 1399 2378 cui
1428 2351 1580 2378 nomen
1610 2338 1800 2378 Cettura.

144 2420 179 2460 5.
208 2407 339 2448 Dedit
361 2413 503 2447 autem
524 2407 738 2447 Abraham
761 2420 927 2446 omnem
950 2419 1118 2445 censum
1141 2418 1262 2445 suum
1284 2406 1404 2445 Isaac
1426 2404 1511 2444 filio
1535 2418 1623 2454 suo,
1680 2407 1716 2444 6.
1746 2405 1804 2444 Et

141 2474 234 2515 filiis
261 2474 583 2514 concubinarum
610 2487 778 2514 suarum
804 2473 920 2513 dedit
945 2473 1159 2512 Abraham
1186 2471 1376 2512 dationes
1402 2477 1445 2511 et
1472 2471 1630 2512 dimisit
1656 2484 1725 2511 eos
1751 2471 1805 2511 ab

141 2542 260 2582 Isaac
280 2541 364 2580 filio
386 2554 459 2580 suo
480 2540 616 2581 adhuc
638 2554 679 2581 se
699 2540 799 2580 vivo
820 2540 876 2579 ad
895 2539 1097 2579 orientem
1115 2539 1160 2578 in
1180 2545 1335 2578 terram
1355 2537 1538 2578 orientis.
1598 2551 1658 2589 13.
1687 2538 1804 2577 Haec

142 2613 240 2648 sunt
265 2606 433 2647 nomina
457 2606 635 2647 filiorum
659 2607 840 2647 Ismahel
865 2606 1092 2646 secundum
1116 2604 1286 2645 nomina
1309 2604 1624 2656 generationum
1648 2617 1803 2644 eorum.

146 2677 206 2715 16.
236 2674 468 2714 Duodecim
503 2673 709 2725 principes
747 2673 974 2713 secundum
1010 2678 1153 2724 gentes
1190 2685 1345 2712 eorum.
1404 2683 1464 2722 17.
1494 2672 1552 2711 Et
1588 2670 1805 2722 adpositus

143 2747 207 2782 est
235 2741 291 2781 ad
317 2741 520 2792 populum
549 2754 682 2780 suum.
741 2754 801 2780 20.
829 2739 1003 2791 Accepit
1032 2739 1265 2779 Rebeccam
1294 2738 1423 2778 filiam
1452 2738 1602 2777 Batuel
1633 2737 1725 2788 Syri
1754 2737 1806 2777 de

146 2806 469 2859 Mesopotamia,
499 2820 678 2847 sororem
704 2807 851 2846 Laban
880 2806 985 2858 Syri,
1008 2805 1087 2846 sibi
1113 2805 1157 2845 in
1185 2818 1367 2844 uxorem.
1426 2818 1486 2855 23.
1516 2805 1637 2843 Duae
1664 2809 1808 2854 gentes

144 2874 188 2914 in
207 2880 326 2914 utero
345 2880 420 2913 tuo
441 2880 538 2914 sunt
557 2880 600 2913 et
620 2874 702 2913 duo
720 2872 864 2925 populi
884 2873 935 2913 de
953 2879 1099 2913 ventre
1119 2878 1194 2912 tuo
1214 2871 1535 2923 separabuntur;
1569 2876 1612 2910 et
1629 2870 1809 2921 populus

143 2941 345 2993 populum
369 2939 582 2992 superabit
604 2946 647 2980 et
669 2939 800 2979 maior
823 2939 975 2980 serviet
998 2938 1160 2978 minori.
1218 2951 1279 2986 24.
1309 2938 1366 2977 Et
1389 2937 1425 2977 ei
1449 2943 1568 2977 erant
1590 2936 1743 2987 gemini
1765 2936 1808 2975 in

145 3014 265 3048 utero
292 3007 392 3047 eius.
450 3019 511 3058 27.
542 3007 774 3047 Creverunt
801 3013 944 3047 autem
969 3005 1157 3055 iuvenes3
1199 3011 1242 3045 et
1269 3010 1359 3045 erat
1386 3005 1499 3044 Esau
1525 3004 1651 3044 homo
1679 3003 1809 3044 sciens
