2309 3583
789 300 880 329 THE
911 300 1030 329 TEXT
1691 300 1713 342 5
1719 302 1743 343 3

85 419 139 454 est
162 419 367 465 postquam
389 414 605 453 eduxerunt
627 426 690 452 eos
704 413 832 462 foras,
855 413 1056 452 dixerunt:
1093 412 1262 452 Salvans
1285 412 1392 452 salva
1415 413 1595 452 animam
1618 417 1746 460 tuam,·

85 494 134 520 ne
158 479 373 530 respexeris
398 484 509 528 retro,
536 492 658 529 neque
683 483 758 518 stes
784 479 829 517 in
855 479 927 517 lzac
952 479 1136 518 universa
1162 479 1334 528 regione,·
1376 479 1418 517 in
1445 484 1612 518 montem
1637 480 1744 528 vade,

84 551 118 585 et
148 546 206 585 ibi
235 545 444 584 salvaberis
469 558 517 584 ne
533 545 637 595 forte
661 545 1016 595 comprehendaris.
1129 547 1175 583 18
1204 545 1287 583 and
1316 558 1374 594 19.
1406 546 1469 583 De
1493 546 1571 584 civ.
1603 548 1745 595 16:29;

86 612 189 651 Con.
212 612 328 650 Max.
354 614 455 650 2:26
477 618 604 662 quote
625 611 698 650 the
719 624 831 650 same
853 624 898 650 as
918 617 1007 650 text
1029 624 1074 649 as
1094 611 1157 650 far
1178 624 1223 649 as
1244 615 1333 650 ante
1358 615 1404 658 te,
1428 618 1571 661 except
1592 612 1654 650 for
1675 612 1746 650 the

84 675 366 728 orthography
394 678 436 716 of
463 678 574 716 Lotlz.
631 679 696 716 De
724 677 837 716 Trin.
865 690 982 716 2:12:
1019 677 1135 715 Dixit
1163 682 1294 716 autem
1318 677 1415 716 Lotlz
1437 678 1489 716 od
1510 690 1588 716 eos:
1627 679 1745 727 Rogo,

82 743 252 792 domine,
272 743 461 794 quoniam
482 743 629 782 invenit
647 750 746 794 puer
764 748 857 783 tuus
877 748 967 783 ante
985 747 1019 782 te
1045 743 1370 782 misericordiam.
1483 756 1543 781 21.
1575 744 1638 782 De
1666 744 1745 782 civ.

87 812 152 848 16:
167 823 213 860 29
233 817 380 860 quotes
398 810 488 849 first
507 816 602 861 part
622 811 664 849 of
683 823 812 849 verse.
925 823 985 848 22.
1017 809 1119 849 Con.
1143 809 1350 849 Gaudent.
1377 823 1493 859 1:30:
1527 810 1622 848 Non
1641 810 1747 848 enim

84 880 214 926 potero
223 877 357 926 facere
375 890 468 926 rem,
485 883 563 915 etc.
675 889 735 924 24.
766 877 818 915 In
836 877 952 915 Ioan.
972 889 1118 926 evang.
1140 888 1184 926 51
1206 882 1354 926 quotes
1372 876 1442 914 the
1461 889 1588 915 same.

795 985 968 1019 CHAPTER
995 996 1035 1017 20

165 1066 199 1092 2.
230 1052 333 1092 Con.
368 1053 513 1093 Mend.
550 1067 614 1092 10:
660 1054 781 1093 Soror
812 1066 899 1092 mea
930 1057 997 1092 est.
1107 1055 1143 1092 6.
1173 1053 1342 1102 Quaest.
1367 1064 1485 1103 5:55:
1532 1053 1748 1103 Propterea

83 1119 240 1170 peperci
262 1119 334 1158 tibi
357 1133 406 1159 ne
428 1126 605 1171 peccares
628 1120 674 1159 in
699 1133 770 1159 me.
827 1119 930 1159 Con.
956 1120 1037 1170 Jul.
1063 1132 1185 1170 3:19:
1223 1120 1275 1158 Et
1298 1132 1365 1170 ego
1389 1119 1559 1158 sciebam
1583 1118 1679 1169 quia
1702 1119 1748 1157 in

83 1186 194 1225 corde
221 1187 368 1226 mundo
387 1187 525 1237 fecisti
552 1187 633 1226 lzoc.
747 1199 805 1225 12.
837 1186 939 1226 Con.
971 1186 1116 1225 Mend.
1150 1199 1214 1225 10:
1256 1187 1309 1225 Et
1335 1199 1417 1225 vere
1445 1198 1553 1224 soror
1580 1198 1666 1224 mea
1694 1190 1749 1224 est

84 1252 130 1291 de
151 1257 274 1303 patre,
297 1266 378 1292 non
398 1254 445 1292 de
465 1258 600 1293 matre.
714 1256 773 1292 18.
805 1253 907 1293 Con.
931 1253 1013 1303 Jul.
1037 1266 1157 1303 3:19:
1193 1252 1449 1292 Concluserat
1469 1253 1593 1300 Deus,
1616 1258 1694 1291 etc.

796 1362 971 1396 CHAPTER
997 1373 1035 1394 21

168 1444 226 1469 10.
256 1430 422 1480 Quoted
449 1444 551 1482 very
579 1431 827 1482 frequently.
883 1431 946 1470 In.
971 1432 1088 1470 Ioan.
1115 1443 1261 1480 evang.
1290 1444 1333 1469 11
1360 1430 1479 1470 reads
1493 1429 1584 1481 filio
1606 1430 1749 1469 liberae

86 1496 249 1536 instead
277 1497 319 1535 of
338 1497 430 1547 filio
458 1510 541 1536 meo
569 1498 701 1546 Isaac,
730 1497 908 1548 perhaps
935 1497 1166 1536 influenced
1193 1497 1251 1547 by
1280 1496 1370 1536 Gal.
1401 1510 1597 1547 4:29-30.
1659 1496 1749 1535 The

85 1563 183 1613 only
212 1563 331 1601 other
361 1564 526 1603 variant
556 1564 590 1602 is
621 1564 692 1602 the
727 1563 846 1603 order
881 1563 923 1602 of
956 1563 1089 1602 words
1125 1563 1166 1601 in
1200 1563 1271 1602 the
1306 1563 1386 1602 last
1421 1569 1625 1602 sentence.
1682 1563 1747 1602 Cf.

86 1629 151 1667 De
186 1629 311 1679 gestis
340 1630 476 1680 Pelag.
512 1642 552 1680 5:
585 1630 719 1669 liaeres
748 1630 838 1677 erit,·
882 1631 946 1669 De
976 1631 1068 1669 Pat.
1102 1632 1167 1679 28;
1200 1631 1337 1681 Neque
1366 1629 1472 1669 enim
1501 1629 1634 1669 haeres
1662 1629 1748 1678 erit,

84 1701 162 1734 etc.
274 1709 333 1735 12.
375 1697 440 1735 De
472 1697 564 1735 Pat.
602 1699 649 1735 28
679 1703 826 1747 quotes
856 1696 927 1735 the
953 1710 1066 1735 same
1095 1710 1139 1735 as
1172 1696 1243 1735 the
1274 1702 1381 1744 text;
1424 1697 1510 1735 also
1542 1697 1607 1735 De
1639 1696 1749 1735 bono

85 1762 247 1813 conjug.
272 1776 332 1812 23.
444 1777 504 1814 19.
535 1764 599 1802 De
622 1764 785 1803 Peccat.
816 1763 990 1802 Remiss.
1025 1776 1142 1802 2:22:
1177 1763 1320 1813 Aperti
1345 1767 1438 1802 sunt
1466 1762 1570 1802 oculi
1595 1763 1694 1810 eim,
1716 1767 1750 1802 et

83 1828 179 1868 vidit
190 1833 365 1880 puteum.
476 1843 537 1869 22.
568 1830 816 1880 Cf.Quaest.
837 1841 954 1880 1:75:
994 1830 1308 1880 Paranymphus
1323 1834 1357 1869 et
1368 1829 1554 1880 princeps
1566 1829 1747 1869 militiae.

796 1939 970 1973 CHAPTER
997 1950 1035 1971 22

166 2020 198 2046 1.
228 2007 397 2057 Quaest.
450 2019 566 2058 1:57:
627 2008 680 2046 Et
725 2007 884 2047 tentavit
930 2008 1041 2047 Deus
1087 2007 1305 2047 Abraham.
1417 2020 1451 2046 2.
1482 2007 1577 2046 Loc.
1631 2009 1749 2056 1:69:

85 2073 232 2124 Accipe
252 2073 391 2124 filium
418 2078 532 2113 tuum
560 2074 757 2114 dilectum.
870 2087 928 2113 10.
959 2075 1024 2113 De
1053 2074 1167 2113 Trin.
1199 2087 1320 2125 3:11:
1364 2074 1590 2113 Extendens
1619 2077 1750 2113 autem

84 2140 288 2179 Abraham
310 2153 475 2180 manum
496 2153 625 2189 suam,
649 2141 821 2191 sumpsit
842 2140 1034 2191 gladium,
1059 2140 1228 2180 occidere
1242 2140 1381 2191 filium
1404 2153 1534 2180 suum.
1595 2154 1654 2179 11.
1684 2140 1750 2178 De

84 2206 198 2245 Trin.
218 2220 260 2257 3:
275 2220 317 2245 11
338 2207 456 2246 reads
474 2220 564 2246 eum
581 2207 644 2246 for
661 2207 796 2254 illum,·
827 2207 911 2247 and
928 2207 999 2246 the
1018 2208 1098 2246 last
1115 2213 1211 2258 part
1229 2207 1272 2246 of
1289 2207 1361 2246 the
1379 2220 1494 2246 verse
1512 2220 1557 2246 as
1575 2207 1749 2246 follows:

84 2273 186 2312 dixit
214 2273 263 2321 ei,
293 2273 510 2322 Abraham,
540 2273 763 2313 Abraham!
804 2275 856 2313 Et
884 2273 1003 2313 dixit:
1047 2275 1147 2313 Ecce
1175 2287 1254 2325 ego.
1368 2287 1427 2313 12.
1460 2274 1524 2312 De
1553 2274 1667 2312 Trin.
1699 2287 1741 2323 3:

90 2353 154 2378 11:
198 2341 250 2378 Et
280 2339 399 2378 dixit:
444 2341 508 2380 Ne
537 2340 687 2379 inicias
718 2353 885 2380 manum
915 2344 1026 2380 tuam
1056 2347 1176 2391 super
1206 2346 1376 2391 puerum
1400 2353 1523 2391 neque
1546 2340 1683 2391 facias
1714 2340 1751 2379 ei

84 2406 312 2457 quidquam.
368 2407 490 2446 Nunc
519 2407 627 2446 enim
656 2407 815 2458 cognovi
844 2407 941 2458 quia
971 2407 1084 2446 times
1113 2408 1245 2447 Deum
1275 2411 1331 2455 tu,
1364 2411 1398 2446 et
1429 2420 1510 2446 non
1539 2406 1751 2457 pepercisti

77 2473 168 2524 filio
200 2478 265 2512 tuo
297 2473 434 2513 dilecto
465 2478 623 2525 propter
655 2487 727 2513 me.
784 2475 929 2513 Enarr.
963 2474 1005 2512 in
1038 2475 1104 2513 ΡΞ.
1139 2476 1257 2524 58:9:
1305 2475 1428 2514 Nunc
1458 2474 1617 2525 cognovi
1648 2473 1751 2524 quod

84 2540 197 2578 times
228 2540 371 2579 Deum.
426 2540 527 2579 This
559 2546 655 2591 part
687 2541 730 2579 of
763 2541 834 2580 the
867 2554 983 2580 verse
1016 2541 1049 2580 is
1082 2541 1319 2592 frequently
1352 2541 1523 2591 quoted.
1583 2540 1647 2579 Cf.
1685 2541 1749 2578 De

86 2606 187 2646 Gen.
213 2607 266 2646 ad
289 2607 349 2646 lit.
374 2620 469 2657 4;9;
506 2607 628 2647 Nunc
650 2607 808 2658 cognovi
830 2608 1021 2659 quoniam
1043 2607 1157 2647 times
1189 2608 1331 2647 Deum.
1390 2608 1454 2646 De
1486 2607 1600 2645 Trin.
1631 2619 1748 2645 1:12:

85 2674 207 2712 Nunc
221 2673 379 2724 cognovi
394 2673 495 2724 quod
514 2674 653 2713 timeas
672 2675 815 2714 Deum.
873 2675 1013 2714 Sermo
1032 2687 1050 2713 2
1064 2687 1123 2722 :42
1158 2674 1349 2725 quoniam
1363 2678 1406 2713 tu
1421 2674 1546 2712 times.
1604 2674 1748 2711 Enarr.

85 2739 128 2778 in
152 2740 217 2778 ΡΞ.
243 2753 310 2789 43:
348 2740 444 2791 quia
467 2744 509 2779 tu
532 2740 657 2780 times.
714 2741 883 2790 Quaest.
913 2754 951 2779 1:
964 2743 1031 2791 58:
1068 2741 1132 2780 Ne
1154 2740 1303 2780 inicias
1326 2753 1492 2780 manum
1514 2740 1559 2778 in
1582 2746 1751 2790 puerum

87 2820 209 2858 neque
227 2806 363 2857 facias
389 2806 426 2845 ei
452 2806 684 2858 quidquam:
726 2807 838 2846 modo
865 2808 972 2846 enim
998 2807 1156 2858 cognovi
1181 2807 1372 2858 quoniam
1398 2807 1511 2845 times
1536 2807 1667 2845 Deum
1693 2810 1748 2845 tu.

88 2873 153 2913 Cf.
177 2874 263 2912 also
286 2873 455 2923 Quaest.
483 2885 595 2923 1:59.
708 2887 767 2921 14.
791 2874 961 2923 Quaest.
990 2876 1107 2924 1:58:
1144 2874 1197 2913 Et
1217 2873 1361 2912 vocavit
1392 2905 1399 2912 .
1432 2905 1440 2912 .
1473 2904 1481 2912 .
1514 2904 1521 2911 .
1551 2877 1594 2912 ut
1615 2872 1751 2912 dicant

87 2939 200 2979 hodie
227 2940 272 2978 in
300 2944 427 2979 monte
446 2939 647 2979 Dominus
666 2940 871 2990 apparuit.
928 2940 993 2980 Cf.
1016 2941 1081 2979 De
1102 2940 1179 2979 civ.
1206 2942 1271 2979 16:
1282 2953 1346 2990 32,
1368 2952 1479 2978 same
1499 2952 1544 2978 as
1564 2939 1749 2988 Quaest.‚

87 3007 282 3057 omitting
310 3011 356 3045 et.
469 3018 528 3057 15.
559 3006 623 3045 De
659 3006 772 3045 Trin.
803 3020 902 3057 3:11
941 3007 1025 3046 and
1059 3007 1228 3056 Quaest.
1264 3018 1362 3056 1:59
1392 3006 1489 3045 read
1517 3006 1659 3045 iterum
1686 3005 1750 3044 for
