2309 3583
460 276 511 314 14
686 273 717 303 A
747 273 895 304 STUDY
924 273 982 304 OF
1010 262 1318 305 AUGUSTINE'S
1347 275 1574 306 VERSIONS
1605 275 1662 306 OF
1692 275 1886 307 GENESIS

455 393 636 427 noctem:
699 393 741 427 et
784 388 898 427 facta
921 394 983 428 est
1021 389 1084 427 vit
1121 394 1304 428 noctem:
1357 394 1399 428 et
1437 389 1551 429 facta
1587 389 1682 430 bras
1726 391 1893 430 vocavit
1936 396 2114 441 noctem,

452 467 636 505 vespera,
664 460 705 493 et
731 454 895 494 factum
922 461 985 494 est
1021 460 1083 494 est
1109 468 1293 506 vespera,
1322 461 1364 495 et
1391 456 1551 495 factum
1585 462 1628 495 et
1654 457 1766 496 facta
1785 463 1847 496 est
1867 470 2052 508 vespera,
2072 464 2115 498 et

455 533 576 560 mane
630 521 715 561 dies
769 534 889 561 unus.
946 523 983 561 6.
1021 527 1083 560 θεῖ
1129 535 1250 561 mane
1296 521 1382 562 dies
1428 536 1547 562 unus.
1584 523 1744 562 factum
1777 529 1839 563 θεῖ
1873 537 1995 563 mane
2029 524 2115 564 dies

454 588 510 627 Et
539 587 642 627 dixit
670 588 802 627 Deus:
890 588 985 627 Fiat
1021 590 1057 627 6.
1087 589 1143 627 Et
1164 588 1267 627 dixit
1288 590 1419 628 Deus:
1455 590 1550 629 Fiat
1585 601 1704 629 unus.
1760 591 1796 629 6.
1826 590 1883 629 Et
1905 591 2010 630 dixit
2032 592 2115 631 De-

454 654 764 693 firmamentum
785 654 828 692 in
849 655 985 694 medio
1019 654 1328 694 firmamentum
1348 656 1392 694 in
1413 656 1548 696 medio
1584 668 1649 694 us:
1688 655 1782 695 Fiat
1804 656 2116 697 firmamentum

455 734 601 773 aquae,
649 727 690 760 et
737 720 790 760 sit
837 721 985 761 divisio
1019 734 1153 772 aquae
1190 727 1232 760 et
1270 722 1323 760 sit
1361 722 1549 762 dividens
1583 722 1625 760 in
1660 722 1796 762 medio
1831 736 2036 774 aquarum
2071 730 2114 764 et

453 788 560 827 inter
579 800 733 838 aquam
753 793 794 826 et
815 800 983 838 aquam.
1019 787 1127 826 inter
1146 800 1299 839 aquam
1319 794 1361 827 et
1380 801 1546 840 aquam.
1584 788 1652 827 sit
1697 789 1933 829 dividens
1978 790 2115 830 inter

455 855 511 893 Et
540 854 596 893 sic
625 854 784 892 factum
816 860 891 893 θεῖ.
948 866 983 904 7.
1021 855 1077 893 Et
1105 854 1161 893 sic
1190 860 1252 894 θεῖ
1280 855 1452 895 factum.
1511 869 1546 907 7.
1584 868 1737 906 aquam
1764 861 1806 895 et
1834 869 2000 907 aquam.
2056 858 2112 897 Et

455 920 985 960 EtfecitDeusfirmamen-
1020 921 1077 960 Et
1117 921 1215 960 fecit
1257 922 1371 960 Deus
1412 922 1550 963 firma·
1585 921 1641 960 sic
1670 928 1732 961 θεῖ
1761 922 1934 962 factum.
1993 935 2027 974 7.
2058 925 2114 964 Et

454 993 560 1036 tum,
600 992 642 1026 et
688 987 828 1026 divisit
870 987 985 1026 Deus
1019 993 1208 1026 mentum
1224 993 1266 1027 et
1284 987 1425 1027 divisit
1441 989 1550 1029 inter
1584 988 1682 1027 fecit
1724 989 1838 1028 Deus
1879 989 2114 1030 firmamen-

452 1054 560 1093 inter
593 1066 746 1104 aquam
782 1066 889 1104 quae
922 1060 984 1093 θεῖ
1019 1066 1172 1104 aquam
1206 1067 1312 1104 quae
1347 1060 1436 1094 erat
1471 1057 1547 1096 sub
1584 1059 1689 1103 tum,
1731 1061 1773 1094 et
1815 1055 1957 1095 divisit
1998 1057 2116 1097 Deus

453 1133 573 1171 super
601 1120 921 1168 firmamentum,
942 1126 984 1159 et
1017 1119 1279 1159 firmamento
1316 1126 1358 1159 et
1394 1134 1548 1172 aquam
1583 1119 1691 1159 inter
1715 1134 1869 1171 aquam
1893 1135 1999 1173 quae
2025 1130 2113 1164 erat

451 1187 559 1226 inter
596 1199 748 1237 aquam
779 1199 884 1236 quae
921 1192 982 1226 θεῖ
1018 1199 1124 1237 quae
1149 1192 1237 1225 erat
1262 1199 1387 1237 supra
1411 1187 1549 1228 firma·
1583 1186 1690 1226 infra
1718 1187 2040 1238 firmamentum,
2070 1197 2113 1230 et

452 1253 527 1292 sub
573 1252 846 1301 firmamento,
944 1255 980 1292 8.
1016 1259 1217 1292 mentum.
1273 1255 1309 1292 8.
1340 1254 1396 1292 Et
1423 1267 1548 1294 voca-
1582 1252 1690 1292 inter
1714 1266 1867 1305 aquam
1891 1267 1997 1306 quae
2022 1263 2112 1296 erat

451 1319 507 1358 Et
526 1319 693 1358 vocavit
712 1319 826 1358 Deus
845 1318 981 1358 firma·
1016 1320 1079 1358 vit
1103 1320 1218 1358 Deus
1237 1319 1548 1361 firmamentum
1583 1332 1705 1370 super
1724 1320 2044 1362 firmamentum.
2075 1325 2112 1363 8.

449 1391 637 1425 mentum
679 1385 854 1424 coelum:
936 1391 977 1424 et
1016 1386 1228 1425 caelum:
1303 1393 1352 1426 et
1411 1388 1548 1428 vidit
1583 1386 1640 1425 Et
1658 1387 1825 1426 vocavit
1844 1388 1958 1428 Deus
1977 1388 2114 1429 firma-

452 1452 557 1492 vidit
575 1452 689 1491 Deus
708 1451 805 1502 quia
822 1451 980 1491 bonum
1015 1453 1130 1492 Deus
1158 1453 1256 1504 quia
1284 1453 1442 1493 bonum
1470 1461 1545 1495 θεῖ.
1582 1458 1770 1492 mentum
1820 1455 1991 1495 caelum.
2058 1457 2114 1496 Et

451 1524 526 1558 θεῖ.
582 1519 638 1557 Εῖ
663 1518 776 1557 facta
803 1524 865 1557 θεῖ
890 1532 980 1558 ves·
1015 1519 1072 1558 Et
1108 1519 1221 1559 facta
1259 1526 1321 1559 θεῖ
1358 1534 1544 1572 vespera,
1582 1519 1687 1559 vidit
1707 1521 1822 1560 Deus
1841 1521 1938 1572 quia
1958 1522 2114 1562 bonum

446 1598 556 1636 pera,
613 1590 654 1624 et
705 1584 865 1624 factum
917 1591 979 1625 θεῖ
1014 1592 1056 1625 θῖ
1104 1586 1264 1626 factum
1312 1593 1375 1627 θεῖ
1423 1601 1545 1628 mane
1581 1592 1656 1626 est.
1678 1587 1733 1626 Et
1745 1587 1857 1627 facta
1870 1594 2113 1640 estvespera

449 1664 570 1691 mane
623 1652 709 1691 dies
761 1652 977 1692 secundus.
1015 1653 1100 1692 dies
1148 1653 1364 1694 secundus.
1421 1669 1458 1706 9.
1490 1656 1546 1694 Et
1581 1659 1622 1692 et
1641 1653 1800 1693 facturn
1816 1660 1877 1694 θεῖ
1892 1667 2012 1695 mane
2028 1656 2113 1696 dies

448 1732 485 1768 9.
568 1719 629 1757 Et
669 1718 795 1758 dixit
830 1719 979 1758 Deus:
1015 1719 1118 1759 dixit
1168 1721 1300 1760 Deus:
1365 1720 1545 1772 Congre-
1581 1720 1795 1760 secundus.
1851 1735 1888 1771 9.
1918 1722 1974 1761 Et
2006 1722 2110 1762 dixit

449 1784 805 1836 Congregetur
856 1799 977 1836 aqua,
1013 1792 1162 1836 geritur
1183 1800 1316 1838 aquae
1339 1801 1446 1839 quae
1468 1789 1544 1829 sub
1581 1787 1712 1826 Deus:
1756 1787 2113 1839 Congregetur

446 1865 552 1902 quae
580 1858 643 1891 θεῖ
672 1852 748 1891 sub
778 1853 903 1901 coelo,
934 1853 977 1892 in
1013 1853 1125 1892 caelo
1163 1860 1260 1893 sunt
1297 1854 1340 1893 in
1378 1867 1544 1906 congre·
1580 1866 1689 1904 aqua
1748 1867 1854 1905 quae
1911 1861 1974 1894 θεῖ
2032 1856 2109 1896 sub

446 1919 805 1969 congregationem
836 1932 976 1967 unam,
1011 1920 1221 1970 gationem
1248 1934 1375 1960 unam
1402 1927 1444 1961 et
1471 1921 1543 1962 ad-
1580 1920 1705 1969 caelo,
1745 1921 1787 1959 in
1832 1922 2111 1972 congregatio-

445 1991 488 2024 et
527 1991 726 2036 appareat
768 1985 900 2034 arida3
935 1992 976 2025 et
1011 1992 1157 2037 pareat
1200 1987 1328 2027 arida.
1385 1988 1442 2027 Et
1487 1989 1544 2028 sic
1579 1999 1674 2025 nem
1698 2000 1825 2026 unam
1846 1994 1888 2027 et
1910 1988 2111 2039 adpareat

445 2052 501 2091 sic
568 2052 728 2091 factum
788 2058 864 2092 est.
921 2053 977 2092 Et
1012 2059 1075 2092 θεῖ
1120 2053 1296 2103 factum;
1358 2061 1400 2094 et
1450 2068 1544 2095 con-
1580 2053 1706 2093 arida.
1770 2054 1826 2093 Et
1855 2055 2016 2094 factum
2048 2062 2111 2096 θεῖ

445 2124 691 2169 congregata
740 2125 803 2158 θεῖ
852 2132 975 2170 aqua,
1011 2126 1180 2171 gregata
1195 2127 1258 2160 θεῖ
1271 2134 1380 2172 aqua
1393 2122 1435 2160 in
1448 2134 1544 2162 con·
1579 2119 1648 2160 sic.
1704 2121 1760 2160 Et
1780 2128 2027 2172 congregata
2047 2128 2110 2163 θεῖ

445 2197 551 2235 quae
576 2191 666 2224 erat
691 2185 767 2225 sub
794 2186 907 2225 coelo
932 2186 975 2225 in
1011 2187 1291 2237 gregationem
1328 2201 1467 2237 unam,
1502 2194 1545 2228 et
1579 2200 1702 2238 aqua,
1756 2200 1862 2238 quae
1914 2194 1978 2227 est
2031 2189 2107 2229 sub

444 2252 802 2302 congregationem
833 2266 973 2302 unam,
1011 2253 1206 2304 adparuit
1226 2254 1355 2294 arida.
1406 2269 1466 2295 10.
1488 2256 1545 2295 Et
1580 2254 1704 2303 caelo,
1745 2254 1787 2292 in
1827 2255 2107 2305 congregatio-

445 2323 487 2357 et
511 2318 705 2369 apparuit
725 2319 852 2359 arida.
913 2334 972 2359 10.
1010 2321 1178 2360 vocavit
1224 2322 1339 2361 Deus
1385 2322 1545 2362 aridam
1580 2333 1674 2359 nem
1686 2333 1814 2360 suam.
1847 2321 1903 2360 Et
1916 2321 2110 2372 adparuit

444 2384 501 2424 Et
538 2385 706 2424 vocavit
741 2386 856 2425 Deus
894 2386 972 2425 ari-
1009 2392 1164 2427 terram
1225 2394 1267 2427 et
1324 2401 1544 2440 congrega-
1578 2387 1706 2427 arida.
1765 2401 1824 2427 10.
1854 2389 1911 2427 Et
1940 2389 2109 2428 vocavit

443 2450 540 2491 dam
553 2457 723 2501 terram3
752 2458 793 2492 et
809 2465 974 2503 congre·
1009 2453 1166 2493 tionem
1202 2468 1335 2506 aquae
1372 2456 1542 2496 vocavit
1577 2455 1692 2494 Deus
1737 2454 1896 2494 aridam
1939 2460 2106 2505 terram,

440 2517 973 2570 gationemaquaevocavit
1010 2533 1134 2560 mare.
1208 2522 1265 2561 Et
1305 2521 1412 2561 vidit
1459 2523 1542 2562 De·
1577 2526 1618 2560 et
1657 2521 2108 2571 congregationem

441 2597 566 2624 mare.
622 2586 678 2625 Εῖ
713 2585 820 2625 vidit
857 2587 972 2626 Deus
1010 2600 1057 2626 us
1107 2587 1204 2638 quia
1253 2588 1410 2628 bonurn
1465 2595 1540 2628 est.
1577 2601 1709 2639 aquae
1766 2588 1935 2627 vocavit
1980 2600 2104 2627 mare.

444 2651 541 2701 quja
580 2652 738 2691 bonum
777 2658 852 2692 θεῖ.
912 2667 972 2693 11.
1013 2667 1072 2693 11.
1128 2655 1185 2693 Et
1249 2655 1353 2694 dixit
1408 2656 1541 2695 Deus:
1577 2655 1633 2694 Et
1683 2654 1790 2694 vidit
1840 2655 1954 2694 Deus
2006 2654 2103 2705 quia

443 2718 499 2757 Et
525 2718 628 2758 dixit
653 2720 784 2758 Deus:
814 2719 973 2759 Germi-
1010 2720 1223 2760 Germinet
1240 2727 1350 2761 terra
1367 2721 1540 2762 herbam
1575 2722 1732 2760 bonum
1793 2727 1867 2760 est.
1927 2734 1986 2760 11.
2047 2721 2103 2760 Et

440 2789 514 2823 net
541 2791 651 2824 terra
689 2785 861 2825 herbam
900 2800 970 2837 pa·
1007 2787 1149 2838 pabuli
1172 2788 1373 2827 ferentem
1401 2801 1539 2828 semen
1576 2788 1679 2828 dixit
1700 2789 1833 2827 Deus:
1892 2787 2105 2827 Germinet

439 2849 538 2900 buli,
582 2852 784 2892 ferentem
833 2866 971 2892 semen
1007 2853 1234 2893 secundum
1261 2868 1382 2894 suum
1409 2868 1537 2906 genus
1574 2860 1683 2894 terra
1736 2854 1909 2893 herbam
1962 2854 2105 2904 pabuli

440 2918 666 2957 secundum
694 2932 814 2958 suum
843 2933 972 2971 genus
1006 2926 1049 2959 et
1069 2920 1380 2960 similitudinem
1399 2928 1442 2961 et
1465 2922 1539 2973 lig-
1573 2922 1773 2960 ferentem
1798 2933 1936 2959 semen
1961 2933 2102 2959 secun-

438 2988 481 3022 et
536 2984 860 3035 similitudinem,
928 2992 970 3026 et
1007 2999 1108 3026 num
1143 2987 1403 3027 fructuosum
1439 2988 1538 3028 faci-
1574 2988 1674 3028 dum
1712 3000 1839 3038 genus
1879 2992 1921 3026 et
1961 3000 2104 3027 secun-
