2309 3583
440 269 490 298 22
667 266 698 296 A
729 266 876 297 STUDY
906 266 964 297 OF
992 254 1301 297 AUGUSTINE’S
1330 266 1557 298 VERSIONS
1588 266 1645 298 OF
1675 266 1870 298 GENESIS

437 381 578 420 bestiis
619 393 724 432 quae
766 387 862 420 sunt
904 394 1025 432 super
1065 387 1233 420 terram.

439 448 567 498 Super
608 453 754 498 pectus
796 453 918 486 tuum
960 454 1001 487 et
1044 453 1234 487 ventrem

438 520 558 553 tuum
581 514 825 553 ambulabis.
881 515 937 553 Et
959 520 1115 553 terram
1138 514 1234 553 edes

440 593 582 619 omnes
629 580 715 620 dies
761 581 874 619 vitae
920 586 1031 620 tuae.
1090 592 1149 631 15.
1179 581 1236 619 Et

441 647 676 686 inimicitias
696 660 850 698 ponam
872 647 979 686 inter
1000 653 1043 686 te
1065 653 1107 686 et
1128 647 1236 686 inter

437 714 652 752 mulierem
679 719 721 752 et
747 713 854 752 inter
881 726 1019 753 semen
1045 719 1167 752 tuum
1194 719 1235 752 et

436 780 544 819 inter
566 793 704 819 semen
726 779 824 819 eius.
880 781 977 830 Ipsa
999 780 1077 819 tibi
1100 792 1235 819 serva-

437 847 500 886 bit
527 852 667 897 caput,
695 852 737 885 et
762 852 809 885 tu
836 846 1018 885 servabis
1043 846 1129 885 eius
1155 846 1235 884 cal-

439 926 628 952 caneum.
727 915 786 952 16.
816 913 872 951 Et
910 912 1069 951 mulieri
1114 912 1235 951 dim't:

441 979 728 1030 Multiplicans
775 979 1059 1029 multiplicabo
1107 978 1236 1017 tristi-

439 1046 520 1085 tias
553 1052 649 1085 tuas
683 1052 724 1085 et
758 1045 958 1095 gemitum
992 1051 1127 1084 tuum.
1183 1045 1235 1083 In

438 1112 618 1152 tristitiis
643 1112 778 1163 paries
804 1111 921 1160 filios,
950 1117 991 1150 et
1019 1111 1072 1150 ad
1098 1111 1235 1150 virum

438 1185 560 1218 tuum
597 1178 807 1217 conversio
843 1184 931 1226 tua,
969 1183 1010 1216 et
1046 1177 1133 1228 ipse
1171 1177 1234 1216 tui

440 1244 732 1284 dominabitur.
792 1256 851 1294 17.
912 1244 1029 1283 Adae
1093 1248 1236 1282 autem

439 1311 558 1351 dixit:
593 1311 698 1361 Quia
718 1310 872 1349 audisti
891 1323 1036 1349 vocem
1055 1309 1235 1348 mulieris

442 1384 540 1417 tuae
577 1383 619 1416 et
656 1376 777 1416 edisti
815 1376 865 1415 de
902 1376 1025 1426 ligno,
1064 1376 1115 1415 de
1153 1389 1236 1426 quo

439 1456 727 1495 praeceperam
759 1443 837 1481 tibi
871 1443 921 1482 de
954 1455 1002 1481 eo
1035 1442 1120 1481 solo
1153 1455 1236 1481 non

438 1510 569 1559 edere,
595 1509 814 1548 maledicta
838 1514 948 1548 terra
972 1509 1015 1548 in
1040 1508 1235 1559 operibus

441 1576 541 1616 tuis:
576 1577 618 1615 in
640 1575 819 1615 tristitiis
841 1575 936 1615 edes
957 1575 1070 1614 illam
1093 1588 1235 1615 omnes

438 1643 523 1683 dies
571 1643 684 1682 vitae
733 1648 842 1681 tuae.
902 1644 962 1681 18.
993 1642 1142 1693 Spinas
1191 1648 1234 1681 et

437 1709 611 1749 tribulos
639 1709 732 1749 edet
760 1709 855 1758 tibi;
898 1714 940 1748 et
969 1709 1063 1748 edes
1090 1709 1235 1748 fenum

439 1776 538 1827 agri.
598 1789 657 1826 19.
686 1776 737 1814 In
782 1775 928 1814 sudore
972 1775 1092 1814 faciei
1136 1781 1235 1814 tuae

437 1843 532 1882 edes
559 1855 710 1893 panem
740 1848 874 1892 tuum,
905 1841 1034 1881 donec
1065 1854 1233 1881 conver-

436 1909 538 1948 taris
570 1909 613 1947 in
655 1914 823 1958 terram,
858 1922 906 1947 ex
947 1922 1029 1959 qua
1073 1914 1235 1948 sumtus

436 1989 492 2025 es,
516 1975 613 2026 quia
635 1981 745 2014 terra
768 1988 810 2014 es
833 1981 874 2014 et
896 1975 939 2014 in
961 1981 1117 2014 terram
1139 1975 1230 2015 ibis.

439 2055 499 2082 20.
529 2043 585 2081 Et
602 2041 770 2081 vocavit
788 2041 923 2081 Adam
942 2054 1092 2080 nomen
1111 2041 1231 2081 muli-

435 2109 513 2148 eris
546 2121 656 2157 suae,
692 2108 865 2157 “Vita‚'’
901 2108 1098 2159 quoniam
1130 2108 1233 2147 haec

436 2181 499 2214 est
514 2181 647 2214 mater
663 2175 849 2214 omnium
865 2175 1111 2214 viventium.
1171 2188 1232 2214 21.

437 2242 494 2281 Et
521 2241 619 2280 fecit
648 2241 853 2281 Dominus
882 2242 996 2280 Deus
1026 2242 1163 2281 Adam
1193 2247 1235 2281 et

435 2308 593 2347 mulieri
633 2308 718 2347 eius
757 2308 919 2347 tunicas
958 2308 1149 2359 pelliceas
1190 2314 1232 2347 et

435 2374 571 2414 induit
593 2387 673 2413 eos.
732 2387 792 2413 22.
822 2375 878 2413 Et
900 2374 1003 2414 dixit
1025 2374 1234 2414 Dominus

437 2441 569 2480 Deus:
604 2441 710 2480 Ecce
729 2441 865 2480 Adam
885 2441 1022 2480 factus
1043 2447 1105 2480 est
1126 2447 1234 2480 tam-

439 2520 565 2558 quam
601 2520 708 2547 unus
745 2521 793 2546 ex
829 2507 948 2546 nobis
984 2508 1027 2546 in
1064 2521 1233 2558 cognos-

437 2574 565 2613 cendo
587 2574 743 2613 bonum
764 2579 805 2613 et
825 2574 994 2613 malum.
1050 2575 1106 2613 Et
1126 2587 1234 2614 nunc

435 2653 486 2679 ne
513 2640 736 2691 aliquando
765 2640 962 2680 extendat
990 2653 1161 2680 manum
1190 2647 1232 2680 et

435 2712 574 2746 sumat
606 2707 656 2746 de
687 2706 796 2757 ligno
827 2707 940 2746 vitae
972 2712 1013 2746 et
1045 2707 1156 2756 edat,
1190 2713 1232 2747 et

435 2773 552 2812 vivat
566 2773 609 2811 in
625 2778 853 2812 aeternum.
912 2787 930 2812 2
935 2786 971 2824 3.
1002 2773 1058 2812 Et
1074 2774 1232 2813 dimisit

435 2839 550 2878 illum
580 2839 784 2879 Dominus
815 2840 929 2879 Deus
959 2839 1009 2879 de
1037 2840 1233 2890 paradiso

435 2906 664 2956 voluptatis
694 2906 852 2957 operari
882 2912 1036 2945 terram
1073 2920 1122 2945 ex
1152 2920 1234 2958 qua

436 2978 597 3011 sumtus
616 2978 690 3012 est.
749 2986 809 3021 24.
839 2973 895 3012 Et
911 2973 1027 3012 eiecit
1041 2973 1177 3013 Adam
1191 2979 1233 3013 et

1304 387 1346 420 et
1369 381 1631 421 manducavi.
1690 395 1750 430 14.
1794 382 1850 421 Et
1881 381 1984 421 dixit
2012 382 2099 420 Do-

1302 448 1439 487 minus
1480 448 1595 487 Deus
1631 449 1829 499 serpenti:
1878 448 1984 498 Quia
2022 447 2100 487 hoc

1303 514 1449 563 fecisti,
1497 514 1741 554 maledictus
1788 520 1837 553 tu
1885 514 1938 553 ab
1986 513 2098 553 omni

1302 593 1447 631 pecore
1475 586 1517 619 et
1545 581 1659 619 omni
1686 593 1831 631 genere
1858 580 2099 620 bestiarum.

1304 648 1474 686 Pectore
1497 652 1538 685 et
1560 650 1706 686 ventre
1728 660 1857 698 repes,
1882 652 1924 686 et
1947 652 2100 686 terram

1303 713 1573 752 manducabis
1599 712 1790 752 omnibus
1816 713 1960 753 diebus
1986 713 2099 752 vitae

1303 784 1414 818 tuae.
1473 790 1532 830 15.
1563 780 1619 818 Et
1652 779 1912 818 inimicitiam
1944 791 2100 830 ponam

1304 846 1411 885 inter
1426 851 1469 885 te
1483 851 1525 885 et
1539 846 1753 885 mulierem
1775 851 1818 885 et
1839 846 1947 885 inter
1962 857 2101 885 semen

1304 918 1425 951 tuum
1454 918 1495 951 et
1523 912 1630 951 inter
1659 925 1798 951 semen
1826 912 1946 951 illius.
2002 912 2101 963 Ipsa

1305 984 1426 1017 tuum
1476 978 1714 1017 observabit
1765 984 1906 1029 caput,
1959 984 2001 1017 et
2053 984 2101 1017 tu

1304 1044 1389 1083 eius
1437 1044 1688 1084 calcaneum.
1748 1046 1807 1084 16.
1838 1045 1894 1084 Et
1940 1044 2101 1083 mulieri

1304 1110 1424 1150 dixit:
1483 1110 1771 1161 Multiplicans
1814 1111 2102 1162 multiplicabo

1304 1176 1462 1216 dolores
1497 1182 1606 1226 tuos,
1644 1182 1686 1215 et
1722 1177 1897 1227 suspiria
1933 1182 2021 1226 tua,
2059 1183 2101 1216 et

1303 1243 1345 1281 in
1374 1243 1582 1282 doloribus
1608 1243 1743 1294 paries
1769 1243 1874 1282 filios
1901 1249 2015 1292 tuos;
2059 1249 2102 1283 et

1303 1309 1358 1349 ad
1402 1309 1539 1348 virum
1585 1315 1706 1349 tuum
1752 1309 1964 1349 conversio
2011 1315 2101 1359 tua,

1305 1381 1346 1415 et
1387 1376 1453 1415 ille
1494 1376 1557 1415 tui
1599 1375 1894 1416 dominabitur.
1954 1388 2014 1427 17.
2046 1377 2102 1415 Et

1304 1448 1406 1482 tunc
1435 1443 1539 1482 dixit
1569 1443 1684 1482 Deus
1713 1443 1768 1483 ad
1796 1443 1950 1483 Adam:
1995 1443 2101 1493 Quia

1303 1510 1457 1549 audisti
1500 1522 1645 1549 vocem
1689 1510 1871 1549 mulieris
1915 1515 2014 1549 tuae
2059 1515 2101 1549 et

1302 1576 1563 1616 manducasti
1589 1576 1640 1616 de
1664 1576 1775 1627 ligno
1801 1576 1852 1616 de
1877 1589 1960 1628 quo
1984 1590 2102 1627 prae-

1303 1656 1491 1694 ceperam
1509 1643 1600 1692 tibi,
1620 1656 1668 1682 ex
1685 1643 1754 1682 illo
1773 1643 1859 1682 solo
1877 1657 1928 1682 ne
1946 1643 2100 1692 ederes,

1303 1710 1524 1749 maledicta
1563 1715 1673 1749 terra
1711 1710 1790 1749 tibi
1828 1710 1871 1748 in
1909 1710 2102 1749 omnibus

1304 1776 1496 1827 operibus
1540 1776 1623 1815 tuis
1668 1782 1710 1815 et
1754 1776 1797 1815 in
1841 1776 2012 1816 tristitia
2058 1781 2101 1816 et

1302 1843 1459 1893 gemitu
1509 1848 1583 1881 tuo
1633 1843 1905 1882 manducabis
1954 1856 2003 1882 ex
2053 1856 2101 1882 ea

1303 1909 1495 1948 omnibus
1534 1909 1678 1949 diebus
1716 1910 1830 1949 vitae
1868 1914 1979 1949 tuae.
2040 1911 2100 1949 18.

1304 1976 1451 2027 Spinas
1474 1982 1516 2015 et
1539 1976 1713 2015 tribulos
1736 1976 1984 2027 germinabit
2008 1976 2100 2026 tibi,

1303 2048 1346 2082 et
1389 2043 1484 2082 edes
1526 2043 1728 2093 pabulum
1771 2043 1858 2093 agri
1901 2043 1977 2082 tui.
2038 2056 2098 2093 19.

1303 2110 1354 2148 In
1384 2109 1531 2149 sudore
1560 2109 1702 2148 vultus
1731 2109 1793 2148 tui
1824 2109 1919 2149 edes
1949 2122 2102 2160 panem

1303 2181 1437 2225 tuum,
1469 2176 1598 2215 donec
1627 2176 1846 2215 revertaris
1874 2176 1918 2215 in
1947 2182 2101 2215 terram

1304 2242 1355 2282 de
1393 2255 1476 2293 qua
1514 2248 1705 2293 sumptus
1743 2255 1784 2281 es
1793 2256 1802 2292 ;
1855 2243 1953 2294 quia
1991 2248 2101 2282 terra

1303 2322 1345 2348 es
1371 2314 1412 2348 et
1437 2309 1480 2347 in
1507 2314 1662 2348 terram
1687 2309 1777 2349 ibis.
1837 2322 1897 2348 20.
1919 2310 1975 2348 Et
2001 2314 2103 2348 tunc

1302 2376 1499 2426 imposuit
1520 2376 1656 2415 Adam
1677 2388 1828 2415 nomen
1850 2376 1966 2415 uxori
1987 2388 2098 2426 suae,

1304 2441 1477 2491 “Vita,’'
1515 2442 1611 2494 quia
1646 2448 1780 2482 mater
1815 2448 1878 2482 est
1913 2443 2099 2482 omnium

1303 2509 1508 2548 vivorum.
1567 2522 1627 2548 21.
1665 2509 1721 2548 Et
1753 2515 1855 2549 tunc
1887 2509 1987 2548 fecit
2013 2510 2099 2548 Do-

1303 2576 1440 2615 minus
1467 2576 1582 2615 Deus
1609 2576 1726 2615 Adae
1754 2581 1796 2615 et
1823 2576 1985 2615 mulieri
2014 2575 2099 2615 eius

1302 2642 1465 2682 tunicas
1509 2642 1699 2693 pelliceas
1745 2648 1786 2682 et
1822 2643 1959 2683 induit
1995 2642 2098 2681 illos.

1306 2722 1366 2748 22.
1399 2710 1455 2748 Et
1489 2709 1609 2749 dixit:
1657 2710 1763 2748 Ecce
1794 2710 1932 2749 Adam
1963 2709 2100 2748 factus

1303 2782 1366 2815 est
1404 2782 1607 2827 tanquam
1645 2789 1751 2815 unus
1789 2789 1838 2815 ex
1873 2775 2005 2824 nobis,
2044 2776 2098 2816 ad

1303 2842 1517 2882 scientiam
1555 2842 1825 2893 cognoscendi
1861 2842 2019 2881 bonum
2056 2848 2097 2881 et

1303 2909 1473 2949 malum.
1529 2909 1585 2948 Et
1632 2915 1732 2948 tunc
1777 2922 1829 2948 ne
1873 2908 2099 2959 porrigeret

1304 2988 1475 3014 manum
1508 2988 1625 3015 suam
1657 2975 1793 3015 Adam
1823 2975 1880 3015 ad
1910 2974 2099 3014 arborem
