2309 3583
880 292 972 322 THE
1002 293 1123 322 TEXT
1785 298 1836 339 19

174 410 210 447 6.
232 408 339 446 Fons
358 412 500 445 autern
519 406 769 445 ascendebat
789 407 839 445 de
861 412 971 445 terra

172 479 214 512 et
236 473 442 522 inrigabat
464 485 629 511 omnem
651 472 799 511 faciem
824 478 969 511 terrae.

175 551 209 589 7.
239 539 294 577 Et
330 538 449 577 finxit
485 539 599 578 Deus
635 537 845 577 hominem
881 538 970 589 pul-

170 617 309 652 verem
370 605 420 644 de
479 610 589 644 terra
645 610 687 643 et
744 604 971 644 insufflavit

170 671 212 710 in
275 671 422 710 faciem
485 671 570 710 eius
633 670 780 710 flatum
843 670 969 719 vitae,

170 743 212 776 et
254 737 390 776 factus
431 743 494 776 est
533 736 659 776 homo
699 737 742 776 in
787 737 970 777 animam

170 803 396 843 viventem.
453 805 489 842 8.
519 804 575 842 Et
607 803 819 854 plantavit
853 804 969 843 Deus

168 870 407 921 paradisum
432 870 475 908 in
495 870 612 909 Eden
631 870 686 910 ad
705 870 905 910 orientem
925 876 967 909 61

169 936 308 987 posuit
323 936 381 975 ibi
396 936 620 986 hominem,
639 949 762 987 quem
778 936 966 976 finxerat.

170 1017 206 1054 9.
237 1003 293 1041 Et
322 1003 440 1042 eiecit
469 1003 584 1042 Deus
611 1002 748 1042 adhuc
777 1003 828 1042 de
856 1008 968 1042 terra

168 1082 291 1108 omne
310 1069 467 1119 lignum
485 1069 704 1120 pulchrum
724 1069 779 1109 ad
798 1069 967 1120 adspec-

168 1141 260 1174 tum
289 1141 331 1175 et
359 1136 516 1175 bonum
547 1136 600 1176 ad
629 1149 782 1175 escam:
826 1142 867 1175 et
895 1135 968 1186 lig-

167 1215 268 1241 num
302 1202 415 1241 vitae
449 1202 492 1241 in
527 1202 663 1242 medio
696 1202 891 1253 paradiso
926 1208 968 1242 et

168 1268 325 1319 lignum
342 1269 537 1308 scientiae
554 1269 792 1309 dinoscendi
809 1269 967 1308 bonum

168 1341 210 1374 et
221 1336 390 1375 malum.
441 1349 501 1375 10.
528 1336 700 1374 Flumen
714 1342 855 1375 autern
870 1336 968 1375 ein‘it

168 1402 219 1441 de
252 1402 384 1451 Eden,
418 1402 530 1453 quod
562 1402 771 1452 inrigabat
802 1402 967 1453 paradi-

171 1481 276 1517 sum,
304 1474 346 1507 et
371 1468 466 1508 inde
493 1468 671 1508 divisum
697 1469 739 1507 in
766 1474 967 1519 quattuor

170 1540 322 1585 partes.
382 1548 441 1574 11.
472 1535 534 1574 Ex
554 1534 617 1574 his
639 1535 710 1574 uni
732 1548 882 1574 nomen
904 1541 966 1574 est

168 1600 334 1649 Phison,
354 1600 432 1640 hoc
451 1607 514 1640 est
533 1601 646 1652 quod
665 1601 809 1640 circuit
829 1607 965 1640 totam

168 1672 322 1706 terram
340 1667 494 1716 Evilat,
514 1668 585 1707 ubi
603 1673 665 1707 est
684 1681 843 1707 aurum.
904 1681 964 1708 12.

165 1735 325 1774 Aurum
345 1740 487 1773 autern
513 1740 646 1774 terrae
674 1735 781 1774 illius
809 1735 965 1774 bonum

166 1806 208 1839 et
222 1800 280 1840 ibi
295 1807 356 1840 est
372 1801 644 1840 carbunculus
660 1807 701 1840 et
716 1801 820 1852 lapis
834 1802 964 1852 prasi-

169 1880 258 1907 nus.
318 1881 377 1918 13.
408 1868 464 1906 Et
480 1881 629 1907 nomen
646 1868 805 1907 flumini
822 1881 965 1908 secun-

166 1934 220 1973 do
265 1934 393 1983 Geon,
437 1934 515 1974 hoc
558 1940 620 1974 est
664 1935 776 1986 quod
819 1935 964 1975 circuit

166 2006 303 2040 totam
356 2006 509 2040 terram
563 2001 842 2052 Aethiopiam.
903 2015 963 2051 14.

166 2067 339 2107 Flumen
361 2073 503 2107 autem
524 2068 695 2107 tertium
717 2068 864 2119 Tigris,
886 2068 965 2108 hoc

165 2139 229 2173 est
274 2134 387 2185 quod
431 2134 524 2173 fluit
569 2140 714 2174 contra
759 2135 962 2186 Assyrios.

167 2200 340 2239 Flumen
371 2206 514 2240 autem
546 2207 743 2252 quartum
775 2201 965 2252 Euphra-

167 2272 242 2306 tes.
302 2277 363 2317 15.
393 2267 449 2306 Et
466 2268 642 2318 sumpsit
659 2268 866 2307 Dominus
882 2269 965 2307 De-

167 2346 215 2372 115
238 2332 462 2383 1101111116111,
489 2347 612 2385 quem
635 2334 734 2373 fecit
758 2340 800 2374 et
823 2335 964 2385 posuit

166 2412 261 2438 eum
288 2400 330 2438 in
357 2400 549 2451 paradiso
577 2406 625 2440 ut
653 2407 893 2452 operaretur
922 2407 964 2440 et

168 2466 407 2506 custodiret.
502 2469 561 2506 16.
626 2468 682 2507 Et
753 2468 964 2519 praecepit

169 2533 376 2572 Dominus
406 2533 521 2572 Deus
550 2534 666 2573 Adae
697 2534 854 2574 dicens:
898 2535 963 2574 Ab

165 2600 278 2638 omni
310 2599 421 2650 ligno
455 2601 566 2651 quod
599 2607 662 2640 est
693 2601 737 2640 in
769 2602 964 2652 paradiso

167 2679 283 2705 escae
318 2667 425 2706 edes.
485 2678 545 2717 17.
575 2667 639 2706 De
674 2667 785 2718 ligno
820 2674 963 2707 autern

165 2733 436 2783 cognoscendi
456 2733 614 2773 bonum
636 2739 678 2773 et
700 2735 856 2773 malum
878 2748 963 2774 non

164 2799 471 2839 manducabitis
497 2800 547 2839 de
574 2800 660 2849 illo;
695 2814 778 2852 qua
804 2802 869 2841 die
892 2815 963 2841 au-

163 2871 250 2905 tem
281 2866 446 2906 ederitis
476 2866 529 2906 ab
561 2879 622 2915 eo,
653 2873 787 2906 morte
817 2868 962 2907 morie-

164 2932 278 2972 mini.
325 2935 385 2972 18.
415 2933 471 2972 Et
488 2932 590 2972 dixit
607 2934 812 2973 Dominus
828 2935 961 2974 Deus:

164 2999 262 3039 Non
309 2999 465 3039 bonum
511 3005 574 3039 est
620 3013 706 3039 esse
751 2999 962 3040 hominem

1040 412 1118 446 rat.
1164 420 1201 456 9.
1231 407 1286 446 Et
1298 408 1492 457 produxit
1505 408 1639 448 adhuc
1654 410 1773 449 Deus
1786 410 1836 450 de

1038 477 1148 511 terra
1180 485 1300 511 omne
1333 473 1488 523 lignum
1520 475 1747 515 formosum
1778 476 1833 516 ad

1037 538 1282 589 adspectum
1318 545 1360 578 et
1396 540 1553 579 bonum
1589 541 1643 580 ad
1679 554 1833 581 escam:

1039 610 1081 643 et
1102 604 1257 654 lignum
1279 605 1392 644 vitae
1413 606 1623 655 plantavit
1638 607 1680 645 in
1699 608 1834 647 medio

1038 671 1231 721 paradisi,
1260 676 1301 710 et
1329 671 1486 721 lignum
1514 672 1708 712 scientiae
1737 674 1834 713 boni

1037 743 1079 776 et
1095 737 1205 777 mali.
1265 751 1324 776 10.
1354 738 1526 777 Flumen
1542 745 1684 778 autem
1699 740 1835 789 prodi-

1036 803 1111 843 bat
1152 817 1201 842 ex
1242 804 1360 843 Eden
1401 809 1443 843 et
1478 804 1676 854 irrigabat
1716 818 1835 855 para-

1037 870 1189 909 disum:
1246 870 1358 921 quod
1407 871 1503 910 inde
1548 871 1747 911 dividitur
1793 872 1835 910 in

1037 942 1237 986 quattuor
1263 942 1416 987 partes.
1481 951 1540 976 11.
1570 938 1735 977 Nomen
1762 937 1835 976 uni

1036 1002 1202 1052 Phison,
1222 1002 1300 1042 hoc
1320 1009 1382 1042 est
1402 1004 1514 1054 quod
1534 1004 1678 1043 circuit
1697 1009 1833 1043 totam

1035 1075 1189 1109 terram
1234 1069 1417 1119 Evilath,
1461 1070 1519 1109 ibi
1563 1076 1626 1109 est
1669 1083 1830 1110 aurum.

1039 1149 1099 1175 12.
1128 1136 1287 1175 Aurum
1309 1142 1451 1176 autem
1474 1142 1606 1176 terrae
1628 1137 1735 1176 illius
1758 1150 1829 1188 op-

1035 1203 1202 1252 timum3
1261 1203 1319 1242 ibi
1364 1209 1426 1243 est
1471 1203 1745 1243 carbunculus
1789 1209 1832 1242 et

1035 1269 1139 1320 lapis
1162 1269 1364 1320 prasinus.
1424 1283 1484 1320 13.
1514 1270 1570 1309 Et
1595 1283 1745 1309 nornen
1771 1283 1830 1309 se-

1035 1336 1159 1375 cundi
1195 1335 1375 1375 fluminis
1415 1336 1519 1376 Geo:
1569 1336 1648 1376 hoc
1686 1336 1830 1376 circuit

1035 1408 1170 1442 totam
1185 1408 1338 1442 terram
1354 1402 1612 1454 Aethiopiae.
1672 1416 1731 1452 14.
1776 1403 1832 1442 Et

1034 1468 1187 1508 flumen
1229 1469 1400 1508 tertium
1441 1470 1591 1520 Tigris:
1647 1469 1725 1509 hoc
1767 1475 1829 1508 est

1037 1536 1149 1586 quod
1184 1536 1304 1575 vadit
1340 1542 1484 1576 contra
1519 1536 1721 1588 Assyrios.
1778 1537 1834 1575 Et

1035 1601 1188 1641 flumen
1222 1608 1419 1653 quartum
1457 1603 1607 1642 dicitur
1646 1602 1835 1653 Euphra-

1034 1674 1109 1708 tes.
1202 1680 1262 1720 15.
1299 1670 1355 1708 Et
1403 1670 1579 1721 sumpsit
1628 1670 1833 1709 Dominus

1034 1736 1150 1774 Deus
1182 1735 1393 1775 hominem
1427 1749 1550 1787 quem
1585 1736 1753 1785 fecerat,
1790 1741 1833 1775 et

1032 1802 1173 1853 posuit
1202 1815 1296 1841 eum
1323 1803 1366 1841 in
1393 1803 1585 1854 paradiso
1614 1809 1662 1842 ut
1690 1816 1832 1854 opera-

1036 1874 1149 1908 retur
1176 1869 1248 1918 ibi,
1278 1875 1320 1908 et
1349 1870 1575 1909 custodiret
1604 1882 1711 1908 eum.
1771 1871 1831 1909 16.

1033 1936 1089 1974 Et
1112 1935 1324 1986 praecepit
1349 1936 1555 1975 Dominus
1579 1937 1694 1975 Deus
1717 1936 1832 1975 Adae

1034 2002 1189 2041 dicens:
1238 2002 1301 2041 Ex
1333 2003 1446 2041 omni
1479 2003 1589 2053 ligno
1623 2002 1736 2054 quod
1768 2008 1831 2041 est

1032 2068 1075 2107 in
1107 2069 1314 2120 paradiSO,
1347 2069 1442 2109 edes
1475 2070 1530 2109 ad
1563 2082 1716 2119 escam3
1768 2081 1828 2119 17.

1036 2135 1102 2174 De
1148 2135 1258 2186 ligno
1304 2142 1447 2175 autem
1494 2136 1688 2176 scientiae
1734 2135 1832 2175 boni

1034 2208 1076 2241 et
1098 2202 1196 2241 mali
1219 2215 1302 2241 non
1325 2203 1457 2242 edetis
1479 2203 1533 2242 ab
1557 2216 1621 2252 eo;
1660 2216 1743 2254 qua
1766 2202 1832 2242 die

1032 2268 1142 2307 enim
1170 2269 1335 2308 ederitis
1362 2269 1415 2308 ab
1438 2269 1507 2308 illo
1531 2276 1664 2309 morte
1687 2269 1832 2308 morie-

1032 2335 1145 2374 mini.
1189 2337 1249 2375 18.
1274 2336 1330 2375 Et
1349 2336 1452 2376 dixit
1474 2337 1679 2376 Dominus
1699 2337 1832 2376 Deus:

1034 2402 1132 2441 Non
1177 2408 1241 2442 est
1286 2403 1442 2442 bonum
1488 2417 1575 2442 esse
1620 2403 1831 2442 hominem

1034 2469 1180 2518 solum,
1234 2469 1434 2509 faciamus
1487 2470 1524 2508 ei
1577 2470 1831 2509 adiutorium

1032 2535 1161 2574 simile
1206 2536 1296 2575 sibi.
1356 2550 1416 2587 19.
1446 2537 1502 2576 Ε1
1545 2549 1829 2587 quaecumque

1030 2601 1206 2642 finxerat
1257 2603 1372 2642 Deus
1422 2616 1471 2642 ex
1520 2603 1633 2642 omni
1683 2616 1828 2653 genere

1031 2681 1240 2719 pecorum,
1302 2675 1344 2708 et
1405 2682 1454 2708 ex
1512 2670 1625 2708 omni
1685 2682 1829 2719 genere

1030 2735 1258 2775 bestiarum
1287 2736 1386 2786 agri,
1413 2742 1456 2775 et
1479 2749 1527 2775 ex
1549 2736 1661 2775 omni
1685 2748 1829 2786 genere

1031 2802 1263 2841 volatilium
1305 2803 1538 2842 volantium
1580 2802 1656 2842 sub
1700 2802 1825 2851 coelo,

1030 2869 1222 2919 perduxit
1252 2882 1300 2908 ea
1330 2869 1383 2908 ad
1412 2870 1560 2918 Adam,
1591 2875 1639 2908 ut
1668 2869 1827 2908 videret

1031 2935 1132 2986 quid
1155 2948 1204 2975 ea
1228 2942 1413 2975 vocaret:
1452 2941 1494 2975 et
1520 2936 1632 2986 quod
1656 2935 1824 2975 vocavit

1029 3015 1078 3041 ea
1091 3002 1230 3042 omnia
1241 3002 1377 3042 Adam
1391 3002 1572 3042 animam
1586 3002 1738 3051 vivam,
1751 3001 1829 3042 hoc
