2309 3583
785 323 876 353 THE
906 323 1026 353 TEXT
1680 329 1732 367 41

75 436 260 476 homines
282 449 410 487 panes
430 436 608 475 meridie.
674 437 732 474 18.
763 436 823 475 Ut
841 437 1016 487 accipiat
1034 449 1108 475 nos
1126 437 1167 475 in
1186 450 1325 476 servos
1343 444 1384 476 et
1403 438 1538 477 asinos
1557 446 1734 479 nostros.

77 516 137 542 21.
166 503 412 553 Aperuimus
434 515 572 541 saccos
594 508 769 550 nostros,
794 508 835 541 et
858 502 935 541 hoc
964 508 1183 552 argentum
1207 503 1526 555 uniuscuiusque
1550 505 1590 543 in
1615 519 1734 545 sacco

73 581 159 607 suo.
217 581 276 618 23.
316 568 525 619 Propitius
552 568 683 617 vobis,
712 568 838 607 nolite
861 568 1022 616 timere3
1057 569 1171 607 Deus
1196 575 1331 608 vester
1357 575 1399 608 et
1426 571 1540 609 Deus
1564 577 1733 621 patrum

75 640 306 675 vestrorum
319 634 433 673 dedit
442 634 560 673 vobis
572 634 786 673 thesauros
799 634 840 672 in
855 635 981 673 saccis
990 635 1153 684 vestris;
1170 641 1389 685 argentum
1398 642 1540 674 autem
1550 643 1734 677 vestrum

72 700 296 751 probatum
309 700 454 739 habeo.
504 702 564 739 28.
582 701 728 740 Salvus
743 706 805 739 est
819 714 921 751 puer
936 706 1034 739 tuus
1048 707 1167 751 pater
1183 707 1334 750 noster,
1351 701 1487 741 adhuc
1503 703 1621 742 vivit.
1669 717 1734 754 32.

72 766 169 805 Non
187 767 296 805 enim
312 772 507 817 poterant
525 767 719 817 Aegyptii
739 767 988 807 manducare
1007 780 1102 806 cum
1120 768 1322 807 Hebraeis
1346 781 1490 818 panes;
1523 769 1737 808 abomina-

70 832 131 871 tio
150 839 212 872 est
230 833 340 872 enim
357 833 584 884 Aegyptiis.
640 846 703 883 34.
734 833 1006 884 Magnificata
1025 834 1137 873 facta
1156 840 1219 873 est
1243 840 1386 873 autem
1404 848 1499 885 pars
1518 835 1735 875 Beniamin

69 912 167 949 prae
191 899 380 950 partibus
404 900 590 938 omnium
615 900 949 950 quinquipliciter
975 900 1029 940 ad
1054 900 1218 939 illorum
1294 901 1497 940 Biberunt
1524 907 1667 940 autem
1692 908 1736 941 et

71 965 265 1005 inebriati
285 972 384 1005 sunt
402 978 497 1005 cum
516 979 578 1006 eo.

783 1030 956 1064 CHAPTER
979 1041 1023 1071 44

152 1100 187 1137 6.
224 1099 444 1137 Inveniens
483 1104 625 1138 autem
657 1112 727 1138 eos
760 1099 862 1139 dixit
899 1097 989 1147 (eis)
1026 1099 1252 1139 secundum
1285 1100 1413 1140 verba
1439 1100 1552 1140 haec.
1610 1113 1645 1151 7.
1676 1102 1735 1142 Ut

72 1165 173 1215 quid
203 1165 387 1216 loquitur
420 1165 626 1204 Dominus
659 1166 888 1205 secundum
920 1166 1049 1205 verba
1081 1165 1214 1205 haec?
1269 1167 1393 1206 Absit
1425 1180 1450 1206 a
1482 1168 1619 1218 pueris
1651 1168 1735 1208 tuis

71 1231 203 1270 facere
230 1231 458 1270 secundum
484 1232 659 1271 verbum
686 1231 777 1271 hoc.
835 1246 871 1283 9.
902 1233 958 1271 Et
984 1246 1059 1271 nos
1085 1239 1228 1272 autem
1255 1233 1406 1273 erimus
1433 1234 1539 1273 servi
1565 1233 1734 1274 domino

71 1304 224 1337 nostro.
284 1310 343 1348 15.
373 1298 553 1337 Nescitis
591 1298 689 1349 quia
725 1298 898 1349 augurio
934 1305 1162 1349 auguratur
1196 1299 1321 1338 homo
1358 1300 1490 1351 qualis
1525 1313 1612 1351 ego.
1671 1314 1732 1351 29.

70 1364 297 1403 Deducetis
331 1371 539 1403 senectam
573 1378 711 1404 meam
745 1377 840 1404 cum
875 1365 1048 1405 tristitia
1082 1365 1137 1405 ad
1170 1366 1334 1405 inferos.
1390 1380 1453 1417 34.
1483 1367 1575 1417 Quo
1608 1368 1733 1408 modo

69 1437 211 1470 autem
242 1431 463 1470 ascendam
495 1431 549 1471 ad
580 1438 756 1482 patrem,
790 1444 885 1471 cum
916 1445 1017 1483 puer
1049 1445 1131 1471 non
1164 1433 1218 1472 sit
1250 1433 1500 1473 nobiscum?
1556 1435 1616 1474 Ut
1648 1447 1732 1474 non

69 1497 233 1537 videam
253 1498 374 1546 mala,
396 1510 502 1548 quae
521 1497 733 1537 invenient
752 1504 915 1549 patrem
935 1500 1090 1538 meum!

778 1596 952 1630 CHAPTER
975 1607 1016 1638 45

148 1677 182 1703 2.
210 1664 442 1703 Audierunt
461 1670 603 1703 autem
622 1677 764 1704 omnes
783 1665 991 1716 Aegyptii,
1012 1671 1054 1704 et
1069 1666 1262 1705 auditum
1276 1672 1339 1705 est
1354 1667 1396 1705 in
1409 1667 1533 1706 domo
1550 1668 1731 1708 Pharao-

67 1730 141 1770 nis.
197 1744 233 1781 3.
270 1730 388 1769 Dixit
416 1736 559 1769 autem
588 1731 739 1781 Ioseph
770 1731 824 1771 ad
846 1732 994 1771 fratres
1016 1745 1123 1771 suos.
1182 1744 1217 1783 7.
1248 1733 1370 1772 Misit
1393 1734 1503 1772 enim
1526 1747 1591 1773 me
1614 1736 1729 1775 Deus

63 1803 161 1836 ante
184 1810 259 1836 vos
284 1810 492 1836 remanere
516 1803 702 1836 vestrum
726 1798 917 1849 reliquias
942 1812 1063 1849 super
1087 1805 1242 1838 terram
1266 1806 1308 1838 et
1333 1801 1514 1840 enutrire
1539 1807 1728 1841 vestrum

62 1864 341 1915 reliquiarium
373 1877 582 1914 magnum.
643 1866 700 1903 16.
733 1865 789 1903 Et
822 1865 1036 1916 divulgata
1069 1872 1131 1905 est
1164 1879 1245 1905 vox
1272 1866 1316 1905 in
1346 1866 1470 1906 domo
1499 1867 1728 1908 Pharaonis

63 1930 260 1970 dicentes:
288 1931 500 1970 Venerunt
520 1931 671 1970 fratres
691 1931 857 1982 Ioseph.

774 2029 948 2063 CHAPTER
972 2032 1014 2070 46

147 2110 180 2136 2.
209 2097 266 2135 At
288 2097 353 2136 ille
370 2097 596 2148 respondit,
614 2098 715 2148 quid
731 2104 807 2147 est,
826 2098 976 2138 dicens.
1033 2113 1069 2147 4.
1101 2100 1157 2139 Et
1174 2112 1248 2149 ego
1266 2099 1513 2140 descendam
1529 2107 1668 2141 tecum
1684 2102 1727 2141 in

64 2163 314 2214 Aegyptum,
349 2170 391 2202 et
424 2176 498 2214 ego
532 2164 750 2204 ascendere
786 2170 827 2204 te
860 2165 1011 2204 faciam
1044 2166 1086 2204 in
1119 2165 1256 2205 finem.
1314 2169 1349 2206 6.
1380 2168 1650 2207 Intraverunt
1684 2168 1726 2207 in

64 2230 303 2280 Aegyptum
320 2230 447 2269 Iacob
466 2236 508 2269 et
525 2243 646 2269 omne
664 2244 805 2270 semen
823 2232 922 2280 eius,
980 2243 1015 2282 7.
1047 2232 1138 2271 Filii
1156 2238 1198 2272 et
1216 2233 1286 2272 filii
1305 2233 1482 2273 filiorum
1500 2234 1599 2284 eius,
1619 2235 1728 2274 filiae

63 2303 104 2335 et
119 2295 226 2335 filiae
241 2296 417 2335 filiarum
432 2296 517 2336 eius
533 2310 627 2336 cum
642 2310 701 2336 eo.
752 2300 787 2337 8.
815 2298 931 2337 Haec
943 2304 1086 2338 autem
1098 2299 1266 2339 nomina
1279 2300 1457 2340 filiorum
1469 2301 1637 2351 Israhel,
1653 2302 1724 2353 qui

60 2363 322 2402 intraverunt
340 2363 383 2401 in
402 2363 642 2414 Aegyptum
661 2364 782 2403 simul
802 2377 897 2403 cum
915 2366 1042 2405 Iacob
1062 2371 1182 2416 patre
1202 2379 1289 2405 suo.
1351 2378 1410 2417 15.
1443 2368 1499 2406 Hi
1519 2368 1591 2407 filii
1611 2369 1724 2417 Liae,

62 2442 166 2480 quos
190 2429 349 2480 peperit
373 2429 451 2481 ipsi
477 2431 603 2470 Iacob
628 2431 671 2469 in
698 2431 1008 2482 Mesopotamia
1034 2432 1188 2483 Syriae,
1215 2439 1257 2472 et
1284 2433 1440 2472 Dinam
1465 2434 1595 2474 filiam
1620 2435 1726 2483 eius;

61 2509 203 2535 omnes
219 2496 392 2544 animae,
410 2496 480 2535 filii
495 2503 537 2536 et
553 2497 659 2536 filiae
675 2498 846 2548 triginta
862 2504 957 2538 tres.
1017 2501 1077 2538 26.
1108 2499 1261 2539 Omnes
1277 2506 1422 2539 autem
1438 2501 1601 2540 animae
1618 2515 1725 2552 quae

60 2562 309 2601 introierunt
327 2575 421 2601 cum
439 2564 564 2603 Iacob
582 2564 625 2602 in
642 2565 882 2615 Aegyptum
901 2566 971 2616 qui
989 2565 1175 2605 exierunt
1193 2566 1243 2606 de
1261 2566 1484 2606 femoribus
1502 2568 1600 2607 eius.
1660 2580 1721 2618 27.

61 2629 334 2680 Septuaginta
352 2630 533 2680 quinque
552 2631 713 2670 animae
731 2638 862 2680 erant,
881 2645 976 2671 cum
995 2633 1145 2683 quibus
1163 2633 1290 2673 Iacob
1308 2633 1482 2673 intravit
1498 2634 1541 2672 in
1559 2635 1723 2685 Aegyp-

60 2701 163 2734 tum.
223 2697 283 2734 28.
313 2696 464 2735 Iudam
482 2702 624 2735 autem
644 2698 755 2737 misit
775 2704 872 2737 ante
892 2712 934 2737 se
952 2699 1007 2738 ad
1026 2699 1189 2750 Ioseph,
1211 2706 1258 2739 ut
1277 2701 1435 2739 veniret
1455 2701 1532 2740 sibi
1552 2701 1724 2740 obviam

58 2761 174 2802 iuxta
194 2763 379 2801 Heroum
395 2762 621 2802 civitatem.
667 2777 730 2814 31.
754 2765 991 2804 Ascendens
1006 2766 1210 2805 nuntiabo
1232 2766 1437 2806 Pharaoni
1457 2773 1499 2806 et
1518 2767 1654 2806 dicam
1669 2768 1723 2807 ei:

61 2828 225 2867 Fratres
246 2829 325 2867 mei
348 2835 388 2867 et
411 2829 558 2868 domus
579 2831 709 2880 patris
732 2831 824 2879 mei,
848 2832 918 2882 qui
940 2838 1059 2871 erant
1080 2833 1122 2871 in
1143 2839 1255 2872 terra
1278 2833 1493 2882 Chanaan‚
1517 2841 1722 2874 venerunt

59 2895 114 2935 ad
145 2908 222 2934 me.
278 2909 341 2946 32.
371 2896 456 2935 Viri
489 2902 630 2935 autem
661 2903 759 2936 sunt
789 2899 1108 2948 pastores—viri
1137 2899 1246 2938 enim
1275 2913 1469 2950 pecorum
1498 2901 1723 2940 nutritores

59 2967 273 3001 erant—et
297 2962 484 3001 iumenta
509 2968 551 3001 et
576 2976 673 3002 oves
698 2969 740 3002 et
765 2965 903 3003 omnia
928 2978 1003 3004 sua
1028 2965 1303 3005 adduxerunt.
1359 2979 1423 3016 34.
1454 2967 1724 3007 Abominatio

58 3034 120 3067 est
141 3028 250 3067 enim
271 3029 487 3079 Aegyptiis
508 3030 641 3068 omnis
662 3036 805 3080 pastor
825 3031 980 3071 ovium.
