2309 3583
472 299 526 338 42
704 296 735 327 A
765 296 913 327 STUDY
943 297 1000 327 OF
1029 284 1338 328 AUGUSTINE⁷S
1367 296 1594 328 VERSIONS
1624 296 1682 327 OF
1712 296 1906 328 GENESIS

1182 409 1359 443 CHAPTER
1382 419 1423 450 47

546 501 583 536 4.
612 488 711 527 Non
744 494 842 528 sunt
876 488 985 527 enirn
1018 501 1172 539 pascua
1206 489 1422 539 pecoribus
1455 501 1679 540 puerorum
1715 494 1905 537 tuorum;
1953 487 2134 527 invaluit

469 554 579 594 enim
611 555 741 594 fames
772 554 815 594 in
845 560 956 594 terra
990 555 1203 595 Chanaan.
1262 567 1296 605 5.
1326 555 1540 595 Venerunt
1571 561 1713 594 autem
1744 555 1787 594 in
1812 555 2054 606 Aegyptum
2081 553 2137 593 ad

471 621 622 672 Ioseph
638 622 765 661 Iacob
783 627 825 661 et
842 622 913 661 filii
930 622 1032 661 eius:
1064 628 1106 661 et
1123 621 1285 661 audivit
1302 622 1464 661 Pharao
1480 635 1550 661 rex
1566 622 1758 673 Aegypti.
1816 622 1873 661 Et
1890 621 1949 660 ait
1968 620 2132 660 Pharao

471 688 526 728 ad
544 688 695 739 Ioseph
715 687 871 728 dicens:
897 689 1020 728 Pater
1039 694 1137 728 tuus
1156 695 1198 727 et
1212 689 1360 728 iratres
1375 688 1437 728 tui
1452 694 1654 727 venerunt
1669 687 1724 727 ad
1737 693 1792 727 te.
1841 690 1878 727 6.
1904 688 2010 727 Ecce
2024 693 2136 726 terra

471 755 652 806 Aegypti
671 761 770 794 ante
788 761 831 794 te
850 760 929 804 est;
961 755 1005 794 in
1023 761 1133 794 terra
1152 755 1312 805 optima
1331 755 1499 794 conloca
1517 760 1681 805 patrem
1700 760 1741 793 et
1760 754 1908 793 fratres
1927 759 2036 793 tuos
2096 755 2133 792 8.

471 821 589 861 Dixit
610 827 753 861 autem
773 821 935 861 Pharao
957 821 1011 861 ad
1031 822 1176 861 Iacob:
1212 821 1325 871 Quot
1347 821 1443 860 anni
1465 821 1625 860 dierum
1645 820 1760 860 vitae
1780 826 1878 860 tuae
1892 821 1911 859 ?
1967 834 2003 871 9.
2034 819 2136 858 Dies

471 901 676 927 annorum
709 888 822 927 vitae
855 901 970 927 meae
1004 901 1108 938 quos
1140 888 1274 927 incolo
1304 919 1312 926 .
1344 919 1353 927 .
1385 919 1394 927 .
1425 918 1434 927 .
1462 887 1599 938 pusilli
1634 892 1676 926 et
1711 887 1809 926 mali
1845 886 2014 926 fuerunt
2049 885 2136 925 dies

473 967 678 994 annorum
701 955 814 994 vitae
839 967 970 994 meae:
1010 967 1092 993 non
1116 960 1393 1005 pervenerunt
1417 954 1460 992 in
1486 953 1572 993 dies
1597 966 1802 992 annorum
1826 953 1940 992 vitae
1964 958 2136 1003 patrum

469 1034 667 1070 meorum,
691 1034 794 1071 quos
817 1021 901 1060 dies
922 1021 1194 1060 incoluerunt.
1255 1034 1314 1059 11.
1345 1021 1401 1059 Et
1423 1020 1538 1059 dedit
1559 1019 1616 1059 eis
1635 1019 1939 1070 possessionem
1960 1019 2003 1057 in
2024 1025 2135 1058 terra

467 1087 641 1138 optima,
662 1087 704 1126 in
725 1093 835 1126 terra
854 1088 1096 1126 Ramessem
1117 1087 1223 1126 sicut
1242 1092 1510 1137 praeceperat
1532 1086 1707 1125 Pharao.
1768 1099 1828 1125 12.
1859 1086 1915 1125 Et
1936 1085 2135 1125 metieba-

467 1160 536 1193 tur
569 1153 756 1193 triticum
788 1153 898 1204 patri
933 1167 1006 1193 suo
1034 1153 1184 1204 Ioseph
1215 1184 1223 1192 .
1255 1185 1264 1192 .
1296 1184 1305 1192 .
1337 1184 1345 1192 .
1375 1153 1562 1192 triticum
1590 1152 1820 1192 secundum
1852 1165 2012 1203 corpus.
2072 1165 2132 1202 13.

466 1220 709 1260 Invaluerat
729 1226 872 1259 autem
892 1220 1022 1259 fames
1043 1219 1177 1268 valde,
1200 1225 1242 1258 et
1264 1219 1414 1259 defecit
1434 1224 1545 1258 terra
1566 1218 1762 1270 Aegypti.
1823 1232 1883 1267 14.
1914 1218 1970 1257 Et
1990 1218 2134 1257 intulit

467 1286 618 1337 Ioseph
645 1299 811 1325 omnem
838 1283 1057 1337 pecuniam
1084 1286 1127 1325 in
1156 1286 1328 1325 domum
1356 1285 1595 1325 Pharaonis.
1658 1297 1717 1336 15.
1748 1285 1961 1325 Venerunt
1990 1290 2134 1324 autem

467 1366 610 1392 omnes
630 1352 824 1404 Aegyptii
846 1353 901 1392 ad
920 1352 1071 1404 Ioseph
1092 1352 1292 1392 dicentes:
1329 1353 1397 1391 Da
1417 1352 1537 1392 nobis
1556 1365 1699 1403 panes.
1759 1353 1819 1391 16.
1851 1352 1969 1390 Dixit
1991 1356 2134 1390 autem

469 1419 547 1459 illis
572 1419 740 1470 Ioseph:
775 1419 982 1458 Adducite
1002 1432 1151 1470 pecora
1172 1425 1312 1458 vestra
1332 1424 1375 1458 et
1396 1419 1507 1458 dabo
1528 1419 1647 1458 vobis
1667 1431 1796 1469 panes
1817 1431 1893 1469 pro
1914 1418 2133 1469 pecoribus

466 1486 624 1535 vestris,
641 1486 673 1525 si
689 1486 839 1525 deiecit
853 1491 1084 1536 argentum.
1143 1499 1203 1525 20.
1237 1486 1293 1525 Et
1306 1485 1422 1525 facta
1437 1490 1500 1525 est
1513 1491 1624 1524 terra
1641 1485 1861 1524 Pharaoni.
1921 1498 1981 1524 22.
2012 1484 2133 1524 Prae-

467 1558 530 1591 ter
563 1558 718 1591 terram
752 1552 1013 1591 sacerdotum
1047 1558 1219 1591 tantum
1252 1565 1336 1591 non
1370 1552 1555 1603 possedit
1588 1551 1752 1603 Ioseph.
1812 1553 1872 1591 26.
1903 1552 1959 1590 Et
1992 1551 2133 1602 posuit

465 1619 543 1658 illis
568 1619 718 1670 Ioseph
742 1619 784 1657 in
808 1625 1078 1670 praeceptum
1103 1632 1235 1670 usque
1259 1619 1302 1658 in
1327 1619 1575 1658 hodiernum
1600 1618 1709 1658 diem
1733 1618 1776 1657 in
1801 1624 1911 1658 terra
1936 1617 2131 1669 Aegypti,

469 1691 517 1725 ut
546 1691 759 1737 praestent
791 1686 959 1736 quintas
991 1685 1210 1725 Pharaoni.
1270 1687 1331 1725 28.
1362 1686 1418 1724 Et
1449 1685 1617 1724 fuerunt
1650 1685 1736 1724 dies
1767 1685 1895 1724 Iacob
1927 1697 2133 1724 annorum

467 1752 581 1792 vitae
597 1753 695 1791 eius.
755 1765 815 1803 29.
846 1752 887 1792 Si
904 1752 1042 1791 inveni
1059 1752 1238 1802 gratiam
1254 1752 1297 1790 in
1315 1758 1539 1803 conspectu
1555 1757 1645 1800 tuo,
1664 1751 1803 1791 subice
1821 1764 1994 1791 manum
2010 1756 2133 1790 tuam

464 1819 542 1859 sub
571 1819 724 1858 femore
752 1831 844 1858 meo
872 1825 914 1858 et
943 1819 1069 1858 facies
1096 1819 1139 1857 in
1167 1831 1233 1858 me
1262 1818 1585 1858 misericordiam
1615 1824 1656 1858 et
1685 1818 1920 1858 veritatem.
1980 1831 2044 1869 31.
2075 1817 2132 1856 Et

465 1885 656 1925 adoravit
678 1899 799 1936 super
821 1892 947 1936 caput
969 1886 1109 1936 virgae
1133 1885 1235 1925 eius.

1178 1994 1353 2028 CHAPTER
1377 1995 1421 2034 48

549 2088 582 2114 1.
612 2074 868 2114 Nuntiatum
892 2080 955 2114 est
980 2074 1145 2125 Ioseph,
1172 2074 1269 2125 quia
1293 2080 1413 2125 pater
1437 2080 1536 2113 tuus
1560 2074 1769 2114 turbatur.
1828 2087 1864 2122 4.
1895 2073 2064 2113 Faciam
2088 2079 2132 2113 te

461 2140 504 2179 in
521 2141 857 2191 congregationes
873 2141 1073 2191 gentium.
1133 2152 1167 2192 5.
1198 2141 1240 2181 N
1243 2153 1322 2180 unc
1340 2153 1435 2191 ergo
1453 2140 1524 2179 filii
1540 2140 1603 2179 tui
1622 2140 1706 2180 duo
1724 2140 1795 2192 qui
1813 2140 1915 2179 iacti
1933 2145 2033 2179 sunt
2050 2139 2130 2179 tibi

461 2207 505 2246 in
521 2213 631 2247 terra
646 2207 826 2258 Aegypti
841 2207 1084 2258 priusquam
1101 2208 1154 2247 ad
1169 2213 1212 2246 te
1228 2207 1412 2246 venirem
1426 2207 1469 2246 in
1485 2208 1726 2258 Aegyptum
1742 2207 1822 2246 mei
1839 2212 1952 2256 sunt,
1972 2206 2131 2257 Ephra-

463 2287 530 2314 em
559 2280 601 2313 et
632 2274 844 2322 Manasse3
890 2280 1109 2325 tamquam
1139 2274 1290 2314 Ruben
1321 2280 1362 2313 et
1394 2275 1573 2325 Symeon
1603 2279 1725 2313 erunt
1755 2273 1868 2312 mihi.
1926 2275 1962 2313 6.
1993 2274 2131 2313 Natos

462 2347 605 2380 autem
625 2341 657 2379 si
675 2341 861 2391 genueris
880 2347 1039 2392 postea,
1058 2341 1137 2380 tibi
1156 2347 1291 2390 erunt,
1310 2341 1353 2379 in
1373 2341 1541 2380 nomine
1561 2341 1741 2380 fratrum
1761 2353 1930 2379 suorum
1948 2340 2130 2391 appella-

460 2407 618 2447 buntur
643 2407 685 2445 in
710 2407 890 2446 sortibus
915 2420 1071 2447 eorum.
1132 2410 1191 2446 16.
1222 2408 1278 2446 Et
1303 2407 1569 2447 invocabitur
1593 2407 1636 2446 in
1662 2407 1719 2446 eis
1744 2419 1897 2446 nomen
1923 2419 2062 2445 meum
2087 2412 2130 2445 et

463 2487 614 2513 nomen
658 2480 828 2525 patrum
873 2487 1072 2513 meorum.
1133 2476 1193 2513 18.
1223 2474 1303 2513 Hic
1349 2474 1459 2513 enim
1504 2474 1756 2525 primitivus.
1817 2487 1877 2524 19.
1908 2473 2012 2523 Scio,
2058 2473 2129 2523 fili,

460 2540 561 2590 scio;
602 2546 644 2580 et
669 2540 735 2580 hic
761 2541 839 2579 erit
864 2540 906 2579 in
932 2541 1149 2592 populum,
1176 2547 1217 2580 et
1244 2541 1310 2579 hic
1336 2541 1600 2590 exaltabitur,
1628 2541 1701 2580 sed
1727 2541 1855 2580 frater
1882 2540 1969 2579 eius
1993 2540 2128 2579 iunior

461 2607 592 2646 maior
607 2607 677 2646 illo
695 2607 771 2646 erit
789 2613 831 2646 et
849 2620 988 2647 semen
1007 2607 1094 2647 eius
1112 2608 1188 2647 erit
1206 2607 1248 2646 in
1267 2608 1537 2647 multitudine
1556 2607 1759 2658 gentium.

1176 2727 1352 2760 CHAPTER
1376 2738 1418 2769 49

541 2809 577 2846 8.
607 2807 726 2856 Iuda,
750 2813 793 2846 te
816 2807 1050 2847 laudabunt
1072 2807 1222 2846 fratres
1245 2807 1325 2856 tui;
1364 2820 1511 2846 manus
1535 2813 1635 2846 tuae
1659 2820 1781 2858 super
1805 2806 1972 2846 dorsum
1994 2805 2128 2845 inimi-

461 2886 603 2912 corum
622 2880 804 2923 tuorum,
826 2874 1062 2914 adorabunt
1082 2879 1125 2913 te
1145 2873 1215 2912 filii
1235 2874 1367 2924 patris
1387 2874 1463 2913 tui.
1520 2888 1556 2925 9.
1588 2873 1764 2914 Catulus
1783 2873 1912 2912 leonis
1932 2872 2052 2922 Iuda,
2075 2886 2125 2912 ex

458 2940 770 2990 germinatione,
788 2940 843 2979 fili
861 2941 930 2989 mi,
948 2940 1183 2989 ascendisti,
1200 2941 1456 2989 recumbens,
1475 2940 1664 2980 dormisti
1681 2946 1728 2979 ut
1744 2941 1820 2988 leo,
1838 2945 1881 2979 et
1898 2945 1946 2978 ut
1963 2939 2127 2978 catulus

459 3006 600 3055 leonis,
627 3007 718 3058 quis
743 3007 960 3047 suscitabit
985 3021 1094 3056 eum,
1154 3021 1213 3046 10.
1244 3008 1340 3047 Non
1366 3007 1528 3047 deficiet
1551 3007 1743 3058 princeps
1768 3020 1816 3046 ex
1840 3005 1948 3045 Iuda
1973 3011 2017 3045 et
2042 3005 2126 3045 dux
