2309 3583
879 313 970 343 THE
1000 313 1120 343 TEXT
1781 314 1830 355 23

176 429 406 469 conlocavit
434 440 527 467 eum
555 433 698 466 contra
733 427 970 477 paradisum
1039 426 1151 465 vitae
1165 432 1206 465 et
1226 433 1403 465 sumeret
1424 427 1500 465 sibi
1520 427 1615 466 inde
1635 433 1675 466 et
1697 427 1835 465 ederet

175 494 420 545 voluptatis;
463 499 505 532 et
532 493 740 532 ordinavit
761 492 970 532 Cherubin
1041 499 1081 531 et
1115 492 1273 530 viveret
1307 492 1348 530 in
1383 498 1610 542 aeternum,
1669 506 1728 543 23.
1760 491 1835 531 Di-

176 567 217 600 et
255 560 489 599 flammeam
526 558 821 610 rhomphaeam
867 572 972 609 quae
1040 558 1152 597 misit
1173 571 1266 597 eum
1288 558 1492 597 Dominus
1513 559 1627 597 Deus
1648 559 1697 598 de
1718 572 1837 609 para-

174 627 351 666 vertitur
369 626 573 666 custodire
593 625 707 664 viam
726 625 824 675 ligni
843 625 969 664 vitae.
1041 625 1128 664 diso
1192 624 1424 672 suavitatis,
1490 630 1537 663 ut
1599 631 1837 674 operaretur

201 682 206 684 ’
1041 696 1193 730 terram
1213 691 1263 730 de
1291 703 1373 741 qua
1401 696 1443 729 et
1471 696 1661 741 sumptus
1689 691 1836 729 fuerat.

1044 770 1103 805 24.
1134 758 1189 796 Et
1225 757 1377 796 eiectus
1412 757 1521 796 foras
1557 757 1607 796 de
1641 757 1834 807 paradiso

1041 829 1226 862 moratus
1250 829 1311 862 est
1336 829 1479 862 contra
1501 823 1740 874 paradisum
1765 835 1837 861 vo-

1040 890 1227 940 luptatis.
1284 890 1339 928 Et
1379 889 1605 929 Cherubim
1643 895 1685 928 et
1723 889 1837 928 illam

1041 956 1275 995 flammeam
1293 956 1492 995 frameam
1510 969 1616 1007 quae
1633 961 1835 1004 versatur,

1040 1023 1178 1073 posuit
1195 1023 1309 1062 Deus
1325 1023 1378 1062 ad
1394 1022 1708 1062 custodiendam
1724 1022 1837 1061 viam

1041 1089 1197 1128 arboris
1216 1089 1341 1128 vitae.

899 1264 1072 1298 CHAPTER
1096 1276 1116 1305 4

260 1370 293 1395 1.
324 1356 525 1407 Concepit
542 1357 632 1395 Eva
649 1361 690 1395 et
705 1356 865 1407 peperit
880 1356 1024 1405 filium,
1041 1362 1083 1395 et
1099 1355 1267 1395 vocavit
1283 1369 1433 1395 nomen
1449 1355 1535 1394 eius
1552 1355 1656 1395 Cain
1663 1387 1833 1404 .....

179 1423 385 1474 adquisivi
419 1422 629 1462 hominem
664 1435 736 1473 per
772 1423 922 1461 Deum.
981 1436 1014 1462 2.
1045 1424 1100 1462 Et
1135 1422 1330 1473 adposuit
1364 1435 1507 1473 parere
1542 1422 1714 1461 fratrem
1748 1422 1835 1461 eius

179 1490 294 1529 Abel.
352 1491 388 1528 6.
419 1489 475 1528 Et
498 1489 602 1528 dixit
626 1489 831 1528 Dominus
854 1489 909 1528 ad
933 1489 1056 1529 Cain:
1094 1490 1229 1539 Quare
1252 1489 1383 1528 tristis
1406 1489 1542 1528 factus
1565 1502 1620 1538 es,
1644 1494 1686 1528 et
1711 1502 1837 1539 quare

179 1556 358 1597 concidit
377 1556 501 1595 facies
521 1556 627 1595 tua?
684 1567 719 1606 7.
748 1556 898 1595 Nonne
919 1556 952 1595 si
971 1562 1080 1595 recte
1100 1556 1248 1596 offeras
1267 1562 1376 1595 recte
1395 1561 1538 1595 autem
1556 1569 1639 1595 non
1660 1555 1836 1604 dividas,

177 1622 388 1674 peccasti?
443 1622 630 1672 Quiesce;
665 1622 720 1661 ad
739 1628 782 1661 te
803 1622 912 1661 enim
933 1622 1144 1662 conversio
1165 1622 1264 1671 eius,
1286 1628 1327 1661 et
1347 1628 1396 1661 tu
1417 1622 1693 1662 dominaberis
1713 1622 1835 1661 illius.

179 1691 214 1729 8.
244 1690 301 1728 Et
326 1689 485 1728 factum
510 1694 573 1727 est
599 1688 699 1727 dum
725 1694 860 1727 essent
885 1688 928 1727 in
954 1702 1114 1739 campo,
1140 1689 1359 1728 insurrexit
1387 1688 1493 1728 Cain
1519 1702 1640 1739 super
1666 1688 1769 1728 Abel
1796 1694 1840 1727 et

178 1755 329 1796 occidit
346 1768 453 1795 eum.
510 1769 546 1805 9.
575 1755 793 1806 Numquid
810 1768 884 1806 ego
903 1761 1041 1795 custos
1059 1768 1151 1794 sum
1168 1755 1307 1794 fratris
1325 1755 1436 1794 mei?
1495 1769 1554 1794 10.
1585 1755 1700 1794 Dicit
1719 1756 1835 1794 Deus

177 1822 233 1862 ad
265 1822 388 1862 Cain:
433 1821 543 1872 Quid
573 1821 738 1861 fecisti?
792 1822 883 1862 Vox
914 1821 1124 1872 sanguinis
1154 1822 1294 1861 fratris
1325 1822 1387 1860 tui
1420 1822 1574 1861 clamat
1604 1822 1659 1861 ad
1691 1835 1756 1860 me
1789 1821 1839 1860 de

177 1895 300 1928 terra.
359 1902 418 1928 11.
449 1889 505 1927 Et
521 1901 631 1927 nunc
647 1888 891 1927 maledictus
908 1893 956 1927 tu
972 1901 996 1928 a
1012 1894 1136 1938 terra,
1155 1902 1260 1939 quae
1276 1888 1439 1939 aperuit
1455 1902 1501 1928 os
1518 1901 1638 1927 suum
1654 1888 1838 1939 accipere

177 1955 417 2006 sanguinem
441 1954 579 1994 fratris
603 1955 666 1994 tui
691 1955 741 1994 de
766 1968 893 1994 manu
916 1961 1001 1994 tua.
1064 1968 1123 1994 12.
1145 1955 1351 2005 Quoniam
1370 1955 1603 2005 operaberis
1622 1960 1778 1994 terram
1798 1960 1840 1993 et

178 2035 260 2062 non
282 2021 433 2061 adiciet
453 2021 654 2061 virtutem
677 2034 794 2060 suam
817 2021 913 2061 dare
935 2021 1026 2061 tibi.
1084 2021 1262 2061 Gemens
1284 2027 1325 2060 et
1347 2027 1528 2060 tremens
1550 2021 1628 2060 eris
1648 2021 1691 2060 in
1713 2027 1837 2060 terra.

182 2102 241 2139 13.
271 2088 409 2128 Maior
437 2094 500 2127 est
529 2101 653 2127 causa
682 2101 786 2127 mea.
847 2101 907 2137 14.
937 2088 979 2128 Si
1008 2088 1104 2127 eicis
1134 2101 1198 2127 me
1227 2088 1348 2128 hodie
1378 2101 1403 2127 a
1432 2088 1536 2127 facie
1565 2094 1712 2137 terrae,
1743 2094 1784 2126 et
1815 2101 1840 2127 a

177 2155 280 2195 facie
297 2161 372 2194 tua
389 2154 621 2194 abscondar
638 2160 680 2193 et
698 2167 766 2194 ero
784 2167 949 2205 gemens
967 2160 1009 2194 et
1027 2161 1207 2194 tremens
1225 2168 1345 2205 super
1362 2160 1530 2203 terram,
1550 2160 1592 2193 et
1609 2155 1687 2193 erit
1705 2154 1839 2194 omnis

179 2221 250 2273 qui
272 2221 474 2261 invenerit
499 2234 577 2270 me,
604 2221 764 2261 occidet
789 2234 867 2261 me.
927 2233 986 2272 15.
1017 2222 1072 2260 Et
1095 2221 1235 2272 posuit
1261 2221 1467 2261 Dominus
1492 2222 1607 2260 Deus
1633 2221 1738 2261 Cain
1763 2221 1840 2271 sig-

178 2301 292 2337 num,
308 2300 358 2326 ne
374 2300 468 2326 eum
483 2287 646 2327 occidat
661 2287 794 2327 omnis
811 2287 881 2338 qui
897 2288 1113 2327 invenerit.
1174 2300 1232 2338 17.
1263 2289 1319 2327 Et
1336 2288 1531 2338 cognovit
1548 2287 1654 2327 Cain
1672 2300 1839 2327 uxorem

179 2367 310 2403 suam,
325 2359 367 2393 et
381 2354 612 2405 concipiens
625 2354 786 2405 peperit
801 2354 945 2394 Enoch
954 2368 963 2403 ;
992 2360 1034 2393 et
1049 2360 1137 2393 erat
1151 2354 1372 2394 aedificans
1387 2354 1603 2394 civitatem
1616 2354 1659 2392 in
1674 2354 1839 2394 nomine

180 2421 251 2460 filii
289 2421 351 2460 sui
389 2420 531 2460 Enoch
537 2451 709 2460 .....
769 2423 816 2460 18
821 2451 992 2462 .....
1022 2421 1233 2460 Matusael
1271 2421 1413 2471 genuit
1441 2421 1634 2460 Lamech.
1694 2435 1753 2470 19.
1784 2421 1840 2459 Et

179 2487 355 2538 sumpsit
380 2487 456 2526 sibi
480 2487 660 2526 Lamech
686 2487 790 2527 duas
815 2501 973 2537 uxores,
999 2501 1150 2527 nomen
1176 2488 1247 2526 uni
1273 2488 1364 2527 Ada
1390 2494 1432 2527 et
1458 2501 1609 2527 nomen
1635 2487 1839 2526 secundae

180 2554 298 2595 Sella.
356 2567 417 2593 20.
446 2554 502 2593 Et
523 2554 683 2605 peperit
705 2554 798 2594 Ada
820 2554 952 2603 Iobel;
989 2554 1056 2593 hic
1078 2560 1166 2594 erat
1188 2560 1308 2605 pater
1330 2554 1615 2594 habitantium
1637 2554 1679 2592 in
1702 2554 1839 2593 taber—

178 2620 335 2660 naculis
365 2620 662 2670 pecuariorum.
722 2634 782 2660 21.
812 2621 868 2660 Et
900 2634 1050 2661 nornen
1084 2621 1223 2660 fratris
1255 2621 1340 2660 eius
1372 2621 1508 2670 Iobal;
1555 2621 1621 2660 hic
1654 2620 1734 2659 fuit
1768 2620 1839 2671 qui

177 2687 361 2727 ostendit
400 2687 642 2737 psalterium
684 2693 725 2726 et
767 2687 982 2726 citharam.
1043 2701 1103 2726 22.
1134 2688 1240 2727 Sella
1281 2693 1423 2726 autem
1463 2687 1624 2738 peperit
1666 2692 1707 2725 et
1748 2687 1839 2737 ipsa

179 2753 356 2802 Thobel;
402 2759 444 2792 et
475 2759 563 2792 erat
594 2754 809 2793 malleator
840 2754 1019 2793 aerarius
1050 2754 1276 2792 aeramenti
1308 2760 1349 2792 et
1380 2754 1489 2792 ferri.
1547 2754 1667 2793 Soror
1698 2759 1839 2792 autem

179 2820 338 2859 Thobel
358 2820 577 2859 Noemma.
636 2832 696 2870 25.
728 2820 935 2870 Cognovit
954 2821 1089 2859 Adam
1111 2821 1245 2859 Evam
1265 2833 1432 2859 uxorem
1453 2833 1570 2859 suam
1590 2826 1630 2858 et
1651 2819 1840 2870 concepit

180 2892 222 2925 et
243 2886 403 2937 peperit
427 2886 569 2925 filium.
626 2887 681 2925 Et
704 2887 935 2926 nominavit
958 2899 1107 2926 nomen
1130 2887 1238 2925 illius
1262 2886 1360 2926 Seth
1389 2885 1583 2934 (dicens):
1622 2886 1840 2925 suscitavit

179 2952 288 2991 enim
312 2952 411 2991 mihi
436 2953 550 2991 Deus
573 2965 710 2991 semen
733 2952 846 2992 aliud
867 2966 942 3003 pro
964 2953 1081 2992 Abel.
1141 2955 1201 2992 26.
1232 2954 1287 2991 Et
1311 2953 1410 2992 Seth
1434 2959 1558 2992 natus
1581 2958 1644 2991 est
1668 2952 1774 2991 filius
1798 2958 1840 2991 et

179 3019 411 3058 nominavit
428 3032 576 3058 nomen
593 3019 678 3057 eius
694 3019 823 3068 Enos3
852 3019 918 3058 hic
934 3019 1116 3070 speravit
1131 3019 1322 3058 invocare
1338 3032 1487 3058 nomen
1506 3019 1675 3058 Domini
1694 3019 1785 3057 Dei.
