2309 3583
474 283 527 337 56
705 292 737 322 A
766 291 915 322 STUDY
944 290 1002 321 oF
1030 277 1338 321 AUGUsTmE's
1367 288 1594 320 VERSIONS
1625 287 1682 318 OF
1712 286 1906 318 GENESIS

468 407 556 456 loci,
598 412 678 446 ete.
791 418 851 445 12.
890 406 956 444 De
983 404 1090 444 unit.
1122 403 1263 444 eccles.
1298 404 1390 442 1:6:
1433 404 1486 442 Et
1517 402 1646 442 visum
1681 401 1777 441 vidit
1813 401 1876 440 for
1912 399 2136 439 somniavit.

472 487 533 525 13.
573 474 640 512 De
671 472 778 512 unit.
805 472 947 512 eccles.
979 473 1052 511 1εὸ
1078 471 1198 511 reads
1231 470 1433 510 Dominus
1465 470 1576 509 Deus
1608 469 1672 508 for
1703 468 1924 514 Dominus,·
1963 479 2050 506 eam
2075 466 2138 505 for

466 540 595 580 illam.
653 539 757 579 Con.
797 539 918 590 epist.
959 539 1052 578 Par.
1089 550 1180 577 1:2:
1225 538 1309 588 Ego
1340 549 1430 576 sum
1459 536 1571 576 Deus
1608 535 1793 575 Abrahae
1832 533 1960 585 patris
1998 533 2072 582 tui,
2104 536 2139 571 et

468 607 580 647 Deus
607 607 740 655 Isaac,
769 619 818 645 ne
845 605 998 654 timeas,
1030 605 1194 644 Terram
1221 603 1329 643 enim
1355 608 1482 654 supra
1508 614 1629 653 quam
1655 601 1817 649 dormis,
1857 600 1929 639 tibi
1967 599 2066 638 dabo
2105 602 2140 638 et

469 673 616 713 semini
641 677 720 713 tuo.
833 685 893 720 14.
923 672 989 711 De
1015 671 1121 710 unit.
1149 670 1290 709 eccles.
1322 671 1395 708 126
1424 669 1544 708 reads
1571 667 1904 718 multiplicabitur
1938 666 2002 705 for
2036 665 2140 704 dila-

470 739 632 780 tabitur.
690 739 794 779 Con.
826 738 948 790 epist.
980 738 1074 777 Par.
1110 749 1201 776 1:23
1245 736 1457 787 replebitur
1486 735 1533 774 in
1564 747 1684 783 mare,
1728 734 1813 773 and
1851 733 1898 771 in
1939 732 2139 771 orientem.

473 806 577 847 Con.
602 806 739 846 Cresc.
763 807 864 854 4:61
889 805 1048 844 follows
1069 803 1142 843 the
1163 809 1267 842 text.
1353 813 1413 852 15.
1442 802 1539 841 Loc.
1567 814 1605 840 1:
1620 814 1694 848 104
1716 806 1864 850 quotes
1885 804 1982 850 part
2003 798 2046 837 of
2067 797 2142 837 the

472 886 602 914 verse.
659 873 725 912 De
749 872 855 912 unit.
883 871 1024 911 eccles.
1056 872 1129 909 1εὸ
1162 869 1320 908 follows
1355 868 1429 907 the
1464 873 1567 907 text.
1625 866 1728 906 Con.
1773 866 1893 917 epist.
1932 866 2025 904 Par.
2068 877 2140 903 112

472 940 609 980 reads:
651 940 748 979 Non
774 938 998 989 relinquam
1025 941 1059 976 te
1086 936 1207 976 donec
1226 935 1382 986 faciam
1409 947 1509 985 quae
1535 933 1687 973 locutus
1714 946 1804 972 sum
1831 937 1968 972 tecum.
2080 932 2141 970 16.

472 1007 642 1057 Quaest.
667 1020 684 1045 1
698 1007 765 1056 :83
786 1005 944 1044 follows
963 1003 1036 1043 the
1054 1008 1157 1042 text.
1213 1002 1309 1041 Loc.
1335 1012 1459 1051 1:105
1480 1000 1556 1040 has
1573 999 1806 1050 ignorabam
1824 999 1888 1037 for
1907 997 2140 1037 nesciebam.

476 1085 537 1124 17.
567 1073 737 1124 Quaest.
767 1086 783 1111 1
798 1073 864 1122 :83
891 1071 1049 1110 follows
1072 1075 1163 1108 text
1187 1074 1332 1119 except
1356 1067 1429 1106 the
1452 1067 1572 1106 order
1596 1066 1666 1105 hoc
1689 1079 1771 1105 non
1794 1069 1861 1114 est,
1888 1071 1966 1104 616.
2079 1065 2141 1103 18.

473 1140 646 1191 Quaest.
675 1153 692 1178 1
707 1141 776 1187 :84
799 1137 918 1178 reads
941 1141 976 1176 et
998 1135 1201 1176 constituit
1223 1147 1313 1174 eum
1335 1133 1508 1174 titulum.

1189 1227 1363 1261 CHAPTER
1386 1237 1431 1267 30

558 1312 618 1351 27.
648 1300 744 1339 Loc.
771 1312 789 1338 2
803 1312 810 1338 :
824 1311 858 1347 2,
882 1303 1031 1349 quotes
1051 1301 1147 1347 part
1168 1295 1210 1334 of
1230 1295 1303 1334 the
1323 1307 1439 1334 verse
1460 1293 1639 1333 without
1659 1292 1880 1332 variation.

1191 1382 1367 1416 CHAPTER
1390 1392 1431 1422 31

558 1469 619 1507 29.
650 1455 715 1495 Cf.
734 1454 920 1494 Confess.
941 1466 985 1492 11
999 1466 1007 1491 ;
1021 1466 1081 1501 11,
1099 1463 1245 1490 manus
1259 1463 1347 1490 mea
1360 1449 1468 1489 valet.
1577 1462 1641 1497 41.
1672 1449 1859 1487 Retract.
1879 1460 1898 1486 2
1911 1461 1919 1486 :
1932 1458 1978 1498 55
1997 1452 2146 1498 quotes

478 1524 550 1563 the
571 1535 697 1562 same.
807 1534 871 1569 42.
900 1520 997 1559 Loc.
1030 1520 1157 1558 1:118
1179 1522 1328 1568 quotes
1347 1522 1444 1567 part
1464 1516 1507 1555 of
1527 1515 1600 1555 the
1619 1528 1749 1555 verse.

1192 1610 1369 1643 CHAPTER
1392 1619 1433 1650 32

560 1686 621 1724 26.
652 1683 793 1723 Sermo
827 1683 920 1733 5:62
968 1679 1135 1719 Dimitte
1166 1692 1239 1728 me,
1272 1678 1357 1717 iam
1388 1677 1497 1717 enim
1528 1689 1645 1716 mane
1676 1680 1743 1715 est.
1799 1676 1896 1715 Non
1927 1680 1961 1714 te
1992 1674 2148 1714 dimitto

477 1751 562 1791 nisi
575 1749 818 1790 benedixeris
833 1761 905 1788 me.
962 1748 1107 1786 Enarr.
1125 1746 1168 1785 in
1188 1746 1253 1785 Ps.
1273 1756 1321 1796 79
1332 1758 1339 1784 :
1350 1757 1392 1795 3:
1420 1745 1516 1784 Non
1530 1743 1729 1783 dimittam
1743 1747 1790 1792 te,
1806 1742 1891 1782 nisi
1905 1741 2149 1782 benedixeris

478 1831 550 1858 me.
608 1817 750 1857 Sermo
770 1828 841 1855 122
854 1828 862 1854 τ
872 1827 914 1865 3:
946 1815 1042 1854 Non
1058 1818 1092 1853 te
1108 1812 1279 1861 demitto,
1298 1811 1382 1850 nisi
1398 1810 1641 1850 benedixeris
1657 1809 1772 1849 mihi.
1883 1811 1944 1848 28.
1975 1809 2146 1859 Quaest.

482 1899 499 1924 1
513 1898 522 1924 ε
536 1898 552 1924 1
563 1897 627 1933 14:
660 1883 756 1923 Non
773 1882 858 1922 iam
875 1880 1069 1921 vocaberis
1087 1880 1206 1919 Iacob
1225 1879 1292 1918 sed
1310 1877 1466 1918 Israhel
1483 1877 1556 1917 erit
1573 1890 1717 1917 nomen
1735 1880 1860 1916 tuum.
1918 1875 1983 1916 Cf.
2006 1875 2149 1916 Sermo

481 1964 574 1991 122:
585 1964 626 2002 33
658 1950 804 1989 Enarr.
822 1949 866 1987 in
883 1949 949 1987 Ps.
968 1960 1112 1998 49:14.
1169 1946 1310 1986 Sermo
1330 1947 1423 1996 526:
1455 1945 1551 1984 Non
1567 1943 1761 1983 vocaberis
1777 1943 1897 1982 Iacob
1914 1943 1982 1982 sed
1998 1941 2146 1982 Israel:

478 2018 669 2070 quoniam
704 2014 963 2067 praevaluisti
998 2027 1089 2054 cum
1124 2013 1222 2062 Deo,
1260 2011 1500 2064 praevalebis
1536 2015 1570 2051 et
1605 2023 1696 2051 cum
1732 2009 1972 2049 hominibus.
2082 2022 2147 2060 30.

481 2085 616 2136 Epist.
641 2095 732 2134 147:
745 2095 785 2134 5:
823 2081 920 2122 Vidi
937 2082 1082 2130 Deum,
1102 2086 1181 2119 616.

1196 2166 1372 2201 CHAPTER
1395 2176 1439 2207 34

563 2241 599 2279 8.
630 2239 743 2278 Νο16
760 2237 857 2277 Loc.
881 2250 919 2277 1:
934 2238 1025 2276 126:
1059 2234 1245 2275 “Filiam
1261 2232 1459 2274 vestram''
1477 2232 1586 2281 dicit,
1605 2245 1687 2271 non
1703 2231 1800 2271 dicit
1818 2230 1980 2283 “filiam
1997 2230 2151 2271 tuam.''

1196 2327 1371 2361 CHAPTER
1394 2336 1435 2367 35

565 2401 626 2439 26.
657 2398 722 2439 Cf.
736 2398 833 2437 Loc.
852 2399 977 2448 1:167
997 2397 1081 2436 and
1098 2396 1268 2446 Quaest.
1292 2406 1436 2445 1:151:
1467 2393 1619 2445 Hifllii
1635 2393 1767 2442 Iacob,
1783 2398 1861 2432 616.
1917 2391 2089 2442 Quaest.
2112 2403 2152 2431 1:

485 2479 558 2517 117
575 2465 711 2506 reads:
741 2464 802 2504 Hi
816 2468 910 2505 sunt
917 2463 1003 2514 filii
1018 2462 1173 2502 Israhel
1188 2461 1258 2513 qui
1272 2461 1360 2501 nati
1375 2465 1481 2510 sunt,
1498 2460 1601 2500 with
1629 2460 1714 2499 this
1743 2464 1971 2499 comment:
1993 2459 2152 2509 frustra

480 2533 645 2586 quidam
672 2536 857 2572 conantes
884 2531 1005 2570 istam
1034 2529 1174 2569 solvere
1202 2528 1469 2580 quaestionem
1497 2527 1683 2567 dixerunt
1703 2539 1785 2566 non
1806 2526 2011 2577 legendum
2033 2524 2155 2565 “nati

484 2599 619 2649 sunt,’'
645 2599 748 2639 sicut
771 2597 891 2638 latini
914 2596 1090 2648 plerique
1113 2595 1262 2636 codices
1286 2595 1439 2643 habent,
1464 2594 1531 2634 sed
1556 2593 1686 2645 “facti
1709 2592 1857 2640 sunt'’,·
1893 2592 2023 2643 graeci
2047 2591 2155 2632 enim

485 2667 679 2718 scriptum
705 2669 761 2705 est
790 2661 972 2714 ἐγένοντο.
1027 2664 1153 2711 Later
1182 2662 1225 2701 in
1258 2661 1330 2701 the
1362 2674 1475 2700 same
1507 2660 1679 2711 chapter
1711 2660 1784 2699 the
1815 2672 1932 2699 verse
1964 2659 1999 2698 is
2031 2658 2154 2709 again

487 2733 658 2785 quoted,
682 2732 853 2782 reading
866 2730 971 2782 facti
992 2734 1097 2770 sunt.

1200 2782 1374 2816 CHAPTER
1397 2791 1439 2822 37

567 2869 628 2894 21.
657 2855 754 2894 Loc.
773 2856 815 2893 6:
829 2866 894 2892 20:
926 2853 1023 2892 Non
1039 2851 1309 2903 percutiamus
1325 2850 1412 2890 eius
1429 2850 1623 2889 animam.

1202 2943 1376 2977 CHAPTER
1399 2944 1442 2984 38

572 3030 633 3065 14.
664 3016 832 3066 Quaest.
869 3027 995 3065 1:129
1026 3013 1183 3052 follows
1212 3012 1284 3051 the
1313 3017 1415 3050 text.
