2309 3583
405 297 457 336 24
633 294 665 325 Α
694 294 842 326 STUDY
872 294 929 325 OF
958 282 1266 326 AUGUSTINE’S
1296 294 1523 326 VERSIONS
1553 295 1611 326 OF
1641 294 1835 326 GENESIS

1126 418 1301 452 CHAPTER
1325 428 1343 460 5

484 512 517 537 1.
547 498 627 537 Hic
642 497 744 537 liber
759 498 996 538 nativitatis
1011 498 1239 548 hominum,
1257 511 1339 549 qua
1355 498 1420 538 die
1439 498 1537 538 16611
1557 499 1672 538 Deus
1687 498 1836 547 Adam,
1852 498 1907 538 ad
1922 496 2067 547 imagi-

401 577 497 605 nem
509 565 589 604 Dei
603 565 702 604 fecit
714 565 842 605 illum.
876 578 911 605 2.
936 566 1173 605 Masculum
1185 571 1227 604 et
1239 565 1436 604 feminam
1450 565 1548 604 16611
1563 565 1665 614 11105,
1679 570 1722 604 61
1735 563 1946 604 benedixit
1960 564 2064 613 illos,

402 637 445 671 et
468 631 776 682 cognominavit
800 645 950 671 nomen
974 644 1115 671 eorum
1139 632 1289 681 Adam,
1314 645 1396 682 qua
1420 631 1485 671 die
1508 631 1607 670 16611
1629 631 1733 671 11105.
1789 644 1814 679 4
1819 661 1994 671 .....
2023 636 2066 669 61

401 698 544 749 genuit
566 698 671 738 filios
693 704 736 738 et
758 698 875 738 filias.
931 700 967 738 6.
997 698 1110 739 Vixit
1132 704 1275 737 autem
1298 697 1398 738 Seth
1421 697 1603 749 quinque
1626 703 1669 736 et
1692 697 1893 737 ducentos
1915 710 2062 744 annos,

403 771 445 804 et
460 765 603 816 genuit
619 765 744 804 Enos.
802 777 823 815 7
829 796 1000 804 .....
1029 770 1072 803 61
1087 765 1229 815 genuit
1244 764 1349 804 filios
1365 770 1406 803 et
1422 764 1538 804 filias.
1596 766 1631 803 8.
1662 765 1718 803 Et
1734 764 1902 803 fuerunt
1917 775 2063 803 omnes

403 832 488 872 dies
511 831 611 872 Seth
633 831 851 871 duodecim
872 837 915 870 et
937 831 1135 882 nongenti
1155 831 1267 880 anni,
1290 836 1332 870 et
1354 836 1543 870 mortuus
1565 836 1641 870 est.

1130 939 1304 973 CHAPTER
1327 940 1347 972 6

485 1034 518 1060 1.
548 1021 605 1059 Et
636 1020 795 1059 factum
826 1025 889 1059 est
916 1024 1141 1070 postquam
1169 1023 1392 1069 coeperunt
1430 1018 1617 1058 homines
1657 1018 1779 1057 multi
1816 1017 1904 1057 fieri
1946 1030 2068 1068 super

404 1093 570 1136 terram,
604 1093 646 1126 et
674 1087 780 1126 filiae
809 1091 933 1126 natae
961 1091 1058 1125 sunt
1085 1085 1176 1134 11115,
1234 1099 1268 1124 2.
1298 1085 1495 1125 Videntes
1523 1091 1665 1124 autem
1694 1085 1827 1135 angeli
1856 1084 1937 1123 Dei
1966 1084 2070 1123 filias

403 1154 632 1202 hominum,
661 1153 758 1204 quia
786 1153 919 1192 bonae
948 1158 1058 1201 sunt,
1088 1157 1353 1202 sumpserunt
1381 1151 1458 1190 sibi
1486 1164 1631 1191 uxores
1661 1164 1709 1189 ex
1738 1151 1930 1190 omnibus
1967 1163 2070 1202 quas

404 1221 625 1271 elegerunt.
681 1233 718 1271 3.
748 1220 804 1259 Et
832 1219 935 1259 dixit
963 1219 1168 1258 Dominus
1188 1219 1320 1257 Deus:
1365 1218 1463 1257 Non
1482 1217 1744 1268 permanebit
1764 1217 1934 1268 spiritus
1954 1230 2070 1256 meus

404 1287 448 1326 in
461 1287 697 1327 hominibus
712 1286 775 1325 his
788 1286 831 1324 in
846 1291 1062 1325 aeternum
1075 1290 1244 1336 propter
1264 1284 1377 1336 quod
1396 1297 1490 1324 caro
1509 1290 1619 1324 sunt.
1676 1284 1812 1323 Erunt
1827 1290 1971 1323 autem
1986 1283 2072 1323 dies

404 1367 546 1394 eorum
573 1359 739 1392 centum
766 1352 913 1403 viginti
940 1352 1050 1391 anni.
1106 1364 1143 1400 4.
1175 1351 1375 1402 Gigantes
1401 1357 1545 1390 autem
1572 1356 1691 1390 erant
1714 1363 1835 1401 super
1855 1356 2009 1389 terram
2028 1348 2072 1388 in

406 1420 549 1460 diebus
574 1420 652 1459 illis
677 1425 719 1458 et
743 1425 840 1470 post
864 1418 978 1468 illud,
1006 1431 1100 1458 cum
1125 1418 1330 1457 intrarent
1354 1418 1427 1457 filii
1453 1418 1533 1456 Dei
1559 1417 1614 1457 ad
1638 1417 1744 1457 filias
1768 1417 1999 1466 hominum,
2027 1422 2071 1455 et

404 1487 657 1538 generabant
689 1486 783 1525 sibi:
828 1486 886 1525 illi
917 1491 1036 1525 erant
1066 1485 1253 1536 gigantes
1285 1498 1310 1524 a
1342 1485 1505 1524 saeculo
1536 1484 1723 1524 homines
1754 1483 1974 1523 nominati.
2034 1494 2070 1534 5.

406 1553 559 1594 Videns
578 1553 784 1593 Dominus
803 1553 931 1602 Deus,
953 1552 1049 1603 quia
1070 1552 1369 1602 multiplicatae
1389 1557 1486 1590 sunt
1506 1551 1689 1590 malitiae
1708 1550 1927 1590 hominum
1947 1562 2070 1601 super

404 1626 571 1669 terram,
596 1625 637 1659 et
659 1619 793 1659 omnis
817 1619 990 1670 quisque
1013 1618 1171 1669 cogitat
1192 1619 1236 1657 in
1259 1617 1381 1658 corde
1404 1631 1478 1657 suo
1502 1617 1718 1668 diligenter
1741 1630 1862 1668 super
1886 1616 2069 1667 maligna

406 1699 548 1727 omnes
567 1685 666 1726 dies.
723 1687 760 1725 6.
790 1686 846 1725 Et
865 1685 1066 1736 cogitavit
1085 1686 1213 1733 Deus,
1235 1684 1331 1735 quia
1350 1684 1449 1723 16611
1468 1684 1680 1723 hominem
1698 1696 1820 1734 super
1839 1689 2007 1732 terram,
2028 1688 2071 1722 et

408 1753 665 1804 recogitavit,
733 1764 768 1803 7.
804 1753 861 1791 Et
890 1752 994 1792 dixit
1016 1753 1148 1791 Deus:
1192 1752 1366 1790 Deleam
1393 1751 1616 1800 hominem,
1646 1763 1770 1801 quem
1797 1750 1875 1789 1661
1909 1763 1935 1789 3
1970 1749 2074 1789 13616

407 1826 554 1869 161136,
572 1820 626 1859 ab
644 1819 810 1859 homine
828 1832 957 1870 usque
975 1819 1029 1858 ad
1045 1831 1170 1869 pecus
1188 1824 1229 1857 et
1246 1832 1271 1857 a
1288 1818 1527 1869 repentibus
1545 1830 1674 1868 usque
1691 1817 1747 1857 ad
1764 1816 1952 1856 volatilia
1972 1816 2074 1856 caeli

408 1887 506 1939 quia
522 1887 654 1926 iratus
672 1899 777 1935 sum,
797 1886 994 1937 quoniam
1011 1885 1089 1924 1661
1107 1898 1187 1925 605.
1245 1899 1281 1936 9.
1310 1885 1402 1924 Η36
1421 1890 1519 1923 511111
1536 1884 1820 1934 generationes
1846 1884 1951 1923 Noe.
2012 1896 2072 1932 14.

411 1986 420 1994 .
452 1985 460 1994 .
493 1985 500 1993 .
533 1985 540 1993 .
570 1953 703 1993 Nidos
730 1953 855 1992 136165
879 1952 922 1991 111
947 1965 1086 1991 3163111
1090 1982 1261 1991 .....
1321 1953 1367 1991 16
1373 1981 1546 1990 .....
1577 1951 1701 1990 136165
1726 1950 1882 1990 ostium
1905 1962 2024 1989 arcae
2050 1963 2075 1989 a

409 2021 553 2061 latere:
593 2020 785 2059 inferiora
808 2019 1061 2059 bicamerata
1085 2025 1127 2057 et
1151 2019 1415 2058 tricamerata
1439 2018 1564 2057 facies
1587 2030 1691 2057 eam.

1135 2128 1310 2161 CEAPTER
1335 2137 1352 2168 7

489 2224 527 2259 4.
556 2210 704 2250 Adhuc
741 2209 851 2248 enim
889 2214 1048 2260 septem
1086 2208 1172 2248 dies
1211 2220 1285 2258 ego
1324 2206 1520 2246 inducam
1555 2206 1761 2246 diluvium
1787 2218 1921 2257 aquae
1950 2218 2075 2257 super

410 2284 564 2317 terram
594 2308 602 2316 .
634 2308 642 2316 .
674 2308 683 2316 .
715 2307 723 2316 .
753 2275 896 2316 delebo
935 2288 1100 2315 omnem
1138 2274 1461 2314 suscitationem.
1519 2285 1555 2324 5.
1586 2274 1642 2312 Et
1670 2273 1769 2312 16611
1797 2273 1889 2313 Noe
1918 2272 2072 2322 omnia,

410 2356 694 2396 quaecumque
713 2342 924 2394 praecepit
943 2342 1001 2381 illi
1021 2342 1226 2381 Dominus
1246 2342 1374 2390 Deus,
1396 2341 1453 2380 516
1473 2340 1583 2380 16611.
1641 2341 1677 2379 8.
1708 2340 1765 2379 Ε1
1784 2353 1809 2379 3
1829 2339 2073 2379 volatilibus

411 2411 576 2451 mundis
599 2416 641 2449 et
663 2423 688 2449 a
710 2409 949 2449 volatilibus
971 2408 1180 2448 inmundis
1203 2414 1246 2447 et
1268 2421 1293 2447 a
1314 2407 1530 2458 pecoribus
1553 2407 1718 2446 mundis
1741 2412 1784 2446 et
1806 2419 1831 2446 a
1853 2405 2076 2457 pecoribus

409 2477 620 2517 inmundis
642 2483 684 2516 et
705 2476 759 2516 ab
781 2475 973 2516 omnibus
996 2475 1254 2526 serpentibus
1276 2475 1319 2513 in
1341 2480 1465 2523 terra,
1515 2488 1551 2525 9.
1582 2474 1679 2514 Duo
1703 2473 1786 2513 duo
1808 2473 2074 2512 intraverunt

411 2545 466 2585 ad
483 2545 575 2585 Noe
591 2544 635 2582 in
652 2556 804 2592 arcam,
824 2542 1029 2582 masculus
1046 2547 1089 2581 et
1106 2541 1274 2581 femina.
1333 2555 1380 2580 10
1385 2572 1555 2581 .....
1586 2541 1642 2579 Ε1
1660 2553 1770 2591 aqua
1789 2539 1935 2589 diluvii
1962 2539 2076 2578 13613

412 2618 475 2651 651
496 2624 617 2662 super
637 2616 809 2649 terram:
848 2623 907 2649 11.
938 2609 1262 2649 Sescentensimo
1285 2621 1394 2647 anno
1416 2607 1459 2646 in
1480 2608 1570 2647 vita
1588 2607 1694 2655 Noe,
1718 2606 1887 2646 secundi
1909 2602 2074 2654 mensis,

413 2678 589 2729 septima
616 2683 659 2716 et
685 2676 909 2716 vicensima
937 2675 1087 2714 mensis
1092 2705 1260 2714 .....
1320 2688 1380 2722 14.
1411 2675 1467 2713 Et
1495 2687 1637 2713 omnes
1664 2673 1822 2713 bestiae
1846 2671 2077 2712 secundum

412 2758 539 2796 genus
562 2750 604 2783 et
625 2743 764 2783 omnia
785 2755 933 2793 pecora
956 2741 1182 2782 secundum
1203 2754 1331 2791 genus
1353 2746 1395 2780 et
1417 2753 1539 2780 omne
1561 2753 1719 2791 repens,
1744 2739 1858 2791 quod
1880 2743 2075 2778 movetur

414 2825 534 2862 super
558 2817 725 2859 terram,
752 2809 978 2849 secundum
1001 2821 1129 2859 genus
1154 2814 1196 2847 et
1220 2820 1342 2847 omne
1366 2807 1536 2847 volatile
1561 2806 1788 2846 secundum
1812 2818 1955 2856 genus,
2014 2816 2075 2855 15.

414 2880 631 2918 Intrarunt
649 2876 703 2916 ad
720 2877 812 2917 Noe
830 2876 872 2915 in
890 2889 1042 2924 arcam,
1060 2875 1159 2914 bina
1177 2874 1230 2913 ab
1249 2874 1361 2914 omni
1379 2887 1500 2914 carne
1518 2874 1561 2912 in
1579 2887 1661 2925 quo
1680 2879 1743 2913 est
1760 2873 1928 2923 spiritus
1946 2871 2073 2911 vitae.

417 2959 477 2985 21.
507 2945 563 2984 Et
580 2950 744 2983 mortua
760 2949 823 2983 est
839 2943 972 2982 omnis
989 2955 1096 2991 caro,
1115 2954 1221 2993 quae
1237 2941 1484 2980 movebatur
1501 2953 1622 2992 super
1638 2946 1806 2988 terram,
1824 2938 2074 2987 volatilium,

413 3024 621 3063 pecorum,
639 3017 680 3050 et
694 3011 986 3057 iumentorum,
1004 3015 1045 3048 et
1061 3008 1253 3056 1613111111,
1271 3014 1312 3047 61
1328 3008 1461 3047 01111115
1477 3020 1642 3058 serpens
1659 3006 1729 3058 qui
1745 3011 1938 3045 movetur
1953 3017 2078 3055 super
