2309 3583
443 262 499 313 48
676 272 706 301 Α
737 272 884 302 STUDY
915 271 972 302 OF
1000 259 1309 303 AUGUSTINE'S
1339 272 1566 303 VERSIONS
1596 272 1654 303 OF
1684 272 1878 303 GENESIS

441 385 542 436 Quis
568 385 767 425 nuntiavit
794 385 866 425 tibi
892 386 988 437 quia
1014 387 1148 426 nudus
1175 399 1215 425 es
1241 386 1325 425 nisi
1351 387 1397 426 de
1423 386 1530 438 ligno
1557 387 1603 426 de
1630 400 1705 438 quo
1731 392 2007 438 praeceperam
2033 386 2106 426 tibi

442 465 491 491 ne
509 452 782 501 manducares,
806 452 1069 492 manducasti.
1181 466 1241 492 12.
1272 453 1336 491 De
1360 453 1438 492 civ.
1467 466 1532 501 14:
1546 467 1606 502 11,
1630 453 1797 502 Mulier,
1823 466 1942 505 quam
1963 452 2107 492 dedisti

442 532 606 567 mecum,
637 518 731 570 ipsa
760 518 863 558 mihi
892 519 1010 568 dedit,
1043 524 1077 558 et
1107 519 1357 559 manducavi.
1476 533 1536 568 14.
1566 519 1688 571 Oper.
1720 519 1865 570 imper.
1898 532 1988 559 con.
2021 519 2105 570 Jul.

444 587 547 625 6:28
574 585 731 624 follows
759 586 824 624 De
854 585 956 625 Gen.
980 586 1034 625 ad
1062 585 1138 634 lit.‚
1163 591 1306 636 except
1328 585 1424 625 that
1446 585 1480 624 it
1502 586 1627 625 omits
1649 585 1721 625 the
1743 586 1833 625 first
1855 590 1986 632 tuum‚·
2023 585 2107 625 and

442 652 477 692 it
505 651 581 691 has
609 652 869 692 manducabis
899 652 1082 692 omnibus
1111 652 1261 692 diebus.
1317 652 1406 691 The
1434 652 1583 703 phrase
1612 657 1755 692 terram
1784 652 2044 692 manducabis
2072 652 2107 691 is

443 719 559 758 often
578 718 721 758 found.
778 718 843 758 Cf.
866 719 1006 758 Sermo
1030 732 1147 769 13:1;
1183 719 1327 757 Enarr.
1347 718 1390 757 in
1410 719 1476 757 Ps.
1499 730 1591 768 7:43
1630 732 1772 769 103:4;
1808 719 1874 757 De
1892 718 2007 757 Trin.
2033 731 2099 768 13:

448 798 508 833 12,
531 790 573 824 et
594 785 646 824 al.
758 796 818 835 15.
847 785 944 824 Loc.
971 798 1009 823 1:
1024 798 1085 833 10,
1106 784 1265 824 Habent
1284 784 1401 824 multi
1420 784 1568 824 codices
1591 784 1659 824 “et
1678 784 1939 824 inimicitiam
1959 790 2108 834 ponam

443 851 545 891 inter
561 855 595 890 te
606 855 641 891 et
659 849 794 899 (inter)
811 850 1057 899 mulierem,''
1071 851 1200 901 graeci
1215 851 1355 890 liabent
1369 850 1447 889 “in
1458 850 1586 889 medio
1601 850 1662 890 tui
1677 855 1712 890 et
1726 851 1773 890 in
1788 851 1916 890 medio
1928 850 2108 891 mulieris

528 949 536 957 .
568 949 576 957 .
604 918 651 956 in
664 917 791 957 medio
805 917 972 956 seminis
986 917 1048 957 tui
1063 917 1156 956 etin
1169 917 1297 956 medio
1311 917 1477 956 seminis
1492 917 1621 957 eius.'’
1677 918 1742 956 De
1759 917 1861 957 Gen.
1878 930 1967 956 con.
1986 917 2106 957 Man.

447 998 487 1024 2:
501 986 548 1024 18
564 984 638 1023 has
654 984 726 1023 the
741 984 874 1034 plural
890 983 1141 1023 inimicitias.
1198 984 1342 1023 Enarr.
1356 984 1411 1022 in.
1426 984 1492 1022 Ps.
1506 985 1574 1031 48:
1586 985 1609 1022 6
1621 989 1784 1034 repeats
1796 983 1869 1022 the
1880 984 1980 1023 verb
1992 983 2109 1022 thus:

444 1056 479 1091 et
505 1055 548 1091 tu
575 1051 661 1090 eius
689 1050 905 1090 observabis
932 1050 1174 1090 calcaneum.
1286 1051 1346 1089 16.
1377 1050 1442 1088 De
1472 1049 1574 1089 Gen.
1604 1063 1694 1089 con.
1724 1050 1843 1089 Man.
1876 1063 1991 1101 2:19,
2018 1050 2110 1089 Erit

443 1117 639 1158 conversio
663 1117 714 1156 ad
736 1117 864 1156 virum
888 1121 1015 1165 tuum,
1041 1122 1118 1155 etc.
1175 1116 1296 1166 Oper.
1322 1116 1474 1166 Imper.
1501 1128 1590 1155 con.
1616 1116 1697 1166 Jul.
1725 1117 1842 1165 6:26,
1867 1117 1922 1155 In
1947 1116 2110 1156 tristitia

444 1184 577 1235 paries
588 1183 713 1235 filios,
733 1189 826 1232 etc.,
842 1182 913 1221 the
928 1189 1010 1222 rest
1024 1182 1067 1221 of
1086 1182 1158 1221 the
1172 1195 1287 1221 verse
1301 1182 1508 1232 following
1521 1181 1593 1221 the
1606 1188 1696 1221 text
1711 1182 1753 1221 of
1772 1183 1837 1221 De
1853 1182 1956 1222 Gen.
1973 1183 2027 1222 ad
2046 1182 2108 1222 lit.

444 1251 511 1290 De
536 1251 698 1289 Peccat.
720 1250 826 1288 Mer.
851 1262 949 1299 2:33
977 1249 1096 1288 reads
1122 1249 1168 1288 in
1193 1249 1339 1299 gemitu
1364 1248 1511 1299 paries.
1624 1260 1683 1299 17.
1712 1249 1809 1288 Loc.
1834 1262 1930 1288 1:11
1962 1254 2110 1300 quotes

442 1323 539 1369 part
559 1317 601 1356 of
620 1316 691 1355 the
711 1329 826 1355 verse
846 1316 965 1366 using
983 1315 1055 1355 the
1076 1329 1188 1355 same
1207 1321 1297 1354 text
1321 1329 1366 1355 as
1390 1316 1455 1354 De
1481 1315 1583 1355 Gen.
1609 1316 1664 1355 ad
1684 1315 1746 1355 lit.
1770 1315 1872 1355 with
1894 1315 1978 1355 this
2001 1329 2111 1355 com-

444 1390 577 1423 ment:
613 1382 755 1422 Graeci
781 1382 922 1422 habent
945 1379 1097 1422 “edisti
1118 1382 1165 1422 de
1187 1381 1294 1433 ligno
1316 1382 1363 1421 de
1385 1395 1460 1433 quo
1482 1388 1758 1433 praeceperam
1777 1382 1850 1421 tibi
1869 1395 1911 1422 eo
1930 1382 2010 1421 solo
2029 1395 2112 1421 non

444 1451 552 1491 edere
564 1463 610 1489 ex
623 1463 665 1489 eo
675 1449 718 1496 ⁷',·
745 1449 820 1488 alii
833 1453 963 1489 autem
975 1449 1203 1500 interpretes
1215 1448 1345 1499 graeci
1357 1448 1497 1488 habent
1512 1448 1535 1465 “
1545 1449 1798 1488 manducasti
1810 1448 1833 1466 '⁷
1847 1448 1903 1488 vel
1918 1448 1940 1466 “
1951 1447 2109 1498 edisti‚''

443 1524 522 1557 etc.
571 1517 635 1555 De
658 1515 760 1555 Gen.
783 1528 873 1554 con.
896 1515 1014 1554 Man.
1041 1528 1079 1554 1:
1094 1528 1154 1565 13,
1176 1514 1396 1554 Maledicta
1416 1515 1488 1554 erit
1507 1519 1610 1554 terra
1630 1515 1715 1564 tibi,
1738 1521 1804 1554 etc
1809 1547 1980 1554 .....
2011 1519 2046 1554 et
2064 1515 2111 1555 in

443 1583 606 1623 tristitia
624 1586 658 1621 et
674 1582 820 1632 gemitu
838 1582 938 1631 edes,
958 1588 1036 1621 etc.
1092 1581 1201 1621 Ibid.
1224 1594 1263 1620 2:
1278 1595 1326 1621 20
1343 1581 1377 1620 is
1396 1581 1467 1620 the
1487 1595 1600 1621 same
1619 1595 1665 1621 as
1686 1595 1705 1620 2
1718 1595 1726 1621 :
1740 1595 1775 1631 1,
1795 1588 1942 1634 except
1961 1582 2058 1622 that
2077 1582 2111 1621 it

444 1650 569 1689 omits
583 1649 655 1688 the
670 1653 704 1688 et
716 1649 856 1688 before
870 1648 929 1687 in.
985 1648 1107 1699 Oper.
1125 1649 1276 1699 Imper.
1291 1661 1380 1687 con.
1394 1649 1476 1699 Jul.
1492 1650 1533 1687 6:
1544 1661 1596 1699 30
1610 1648 1767 1688 follows
1782 1649 1848 1688 De
1863 1649 1965 1689 Gen.
1980 1648 2110 1688 adlit.

445 1717 589 1756 Enarr.
607 1716 650 1754 in
667 1716 732 1755 Ps.
753 1727 793 1765 7:
808 1717 854 1754 16
871 1715 990 1755 reads
1004 1715 1047 1754 in
1061 1715 1190 1754 labore
1204 1715 1477 1755 manducabis.
1590 1717 1649 1754 18.
1680 1715 1745 1754 De
1762 1715 1864 1755 Gen.
1881 1728 1972 1755 con.
1990 1715 2110 1756 Man.

448 1797 546 1834 1:13
566 1783 642 1822 has
661 1782 790 1822 eiiciet
808 1782 871 1821 for
890 1782 990 1829 edet,·
1021 1782 1121 1821 ibid.
1146 1795 1247 1820 2:20
1266 1782 1385 1821 reads
1403 1781 1544 1832 pariet.
1601 1782 1666 1821 De
1697 1781 1800 1822 Gen.
1825 1782 1880 1822 ad
1907 1782 1968 1821 lit.
1990 1784 2093 1833 3:18
2102 1795 2112 1832 ;

445 1852 549 1890 8:10
571 1849 678 1889 have
701 1849 847 1900 pariet‚·
884 1862 930 1888 so
952 1848 1028 1888 has
1051 1848 1173 1900 Oper.
1198 1849 1349 1900 Imper.
1375 1861 1465 1888 con.
1490 1849 1573 1899 Jul.
1599 1851 1714 1888 6:21.
1826 1862 1886 1900 19.
1917 1849 1982 1888 De
2007 1849 2111 1889 Gen.

444 1930 534 1957 con.
557 1917 675 1956 Man.
701 1929 802 1954 2:20
821 1915 897 1954 has
917 1929 963 1955 ex
981 1915 1147 1955 instead
1166 1915 1209 1954 of
1228 1915 1287 1954 de.
1344 1916 1489 1954 Enarr.
1511 1915 1554 1954 in
1575 1916 1641 1955 Ps.
1663 1917 1785 1965 40:6;
1821 1916 1962 1955 Sermo
1983 1928 2047 1967 45,
2068 1921 2111 1955 et

445 1984 512 2033 al.,
524 1983 624 2022 read
637 1983 683 2022 in
698 1982 839 2031 labore,
852 1988 930 2021 etc.
978 1982 1123 2021 Enarr.
1136 1982 1191 2021 in.
1206 1982 1272 2021 Ps.
1291 1995 1361 2021 102
1376 1981 1452 2021 has
1466 1983 1521 2021 In
1536 1982 1676 2022 sudore
1691 1982 1785 2021 etin
1799 1981 1940 2021 labore.
1987 1982 2110 2033 Oper.

444 2051 596 2101 Imper.
619 2062 707 2088 con.
729 2049 810 2099 Jul.
833 2051 949 2097 6:21,
970 2049 1025 2088 In
1043 2048 1184 2088 sudore
1203 2049 1331 2088 vultus
1351 2048 1424 2088 tui.
1472 2049 1579 2088 Ibid.
1603 2051 1644 2088 6:
1658 2060 1703 2099 27
1726 2049 1846 2089 reads
1859 2048 1987 2100 faciei
2007 2053 2112 2098 tuae,

443 2116 623 2168 perhaps
635 2115 842 2165 following
855 2115 1045 2166 Julianus
1058 2115 1151 2154 who
1164 2114 1264 2154 thus
1278 2121 1437 2165 quotes.
1486 2115 1537 2154 In
1551 2115 1623 2154 the
1637 2128 1750 2154 same
1762 2128 1857 2166 way
1868 2115 1941 2154 the
1955 2115 2112 2166 change

444 2183 552 2222 from
586 2182 819 2222 convertaris
853 2188 899 2221 to
934 2181 1135 2221 revertaris
1169 2195 1268 2232 may
1302 2182 1353 2221 be
1387 2182 1619 2221 accounted
1653 2181 1729 2221 for.
1785 2181 1955 2232 Quaest.
1994 2184 2112 2232 6:24,

444 2250 579 2289 Donec
603 2248 805 2288 revertaris
829 2248 876 2287 in
903 2252 1045 2287 terram
1072 2248 1178 2288 unde
1204 2253 1388 2299 sumptus
1414 2261 1466 2288 es.
1578 2261 1638 2288 20.
1668 2249 1734 2287 De
1755 2248 1857 2288 Gen.
1879 2248 2013 2288 adlit.
2038 2261 2104 2288 11:

444 2318 495 2367 38
508 2316 584 2355 has
597 2315 676 2354 ista
689 2314 853 2354 instead
866 2314 909 2353 of
923 2315 1028 2354 haec.
1084 2315 1149 2354 De
1163 2315 1206 2354 N
1208 2320 1297 2365 upt.
1314 2320 1356 2354 et
1371 2314 1474 2354 Con.
1494 2327 1568 2363 224
1588 2314 1745 2354 follows
1765 2315 1831 2354 De
1851 2314 1954 2355 Gen.
1976 2314 2030 2355 ad
2049 2315 2111 2354 lit.

445 2388 590 2433 except
614 2382 710 2421 that
735 2382 769 2420 it
794 2381 913 2421 reads
936 2381 1030 2432 ipsa
1054 2381 1118 2420 for
1143 2381 1248 2430 haec,
1274 2381 1358 2421 and
1383 2381 1561 2432 changes
1585 2381 1658 2421 the
1683 2382 1802 2421 order
1826 2387 1872 2421 to
1896 2386 2020 2421 mater
2043 2385 2113 2431 est,

445 2455 524 2489 etc.
580 2449 725 2488 Enarr.
741 2448 784 2486 in
806 2449 872 2487 Ps.
893 2450 1018 2487 126:ss
1039 2448 1158 2487 reads
1179 2452 1302 2487 mater
1322 2447 1507 2488 vivorum.
1632 2461 1693 2487 21.
1750 2449 1816 2487 De
1839 2448 1942 2488 Gen.
1959 2448 2025 2488 ad.
2048 2448 2111 2487 lit.

449 2529 575 2567 11:39
604 2515 724 2554 reads
751 2515 866 2554 Adae
893 2514 1059 2554 instead
1087 2514 1130 2553 of
1157 2515 1304 2554 Adam.
1416 2527 1477 2554 22.
1507 2515 1572 2554 De
1603 2515 1706 2555 Gen.
1736 2528 1826 2554 con.
1858 2515 1977 2555 Man.
2011 2527 2111 2554 2:22

446 2583 565 2622 reads
581 2582 715 2621 Adam
731 2581 872 2621 before
889 2594 1069 2630 manum,
1088 2580 1171 2620 and
1188 2581 1313 2620 omits
1330 2581 1437 2620 from
1455 2585 1488 2620 et
1511 2586 1678 2621 sumeret
1700 2587 1746 2621 to
1762 2581 1908 2622 viveret.
1965 2582 2111 2621 Enarr.

444 2649 487 2688 in
509 2649 574 2688 Ps.
600 2650 741 2699 73:18,
762 2649 861 2687 Ecce
873 2648 1009 2699 factus
1030 2652 1085 2687 est
1104 2647 1251 2697 Adam,
1274 2652 1475 2699 tamquam
1494 2661 1602 2688 unus
1631 2661 1677 2688 ex
1704 2648 1830 2688 nobis.
1888 2647 1991 2688 Con.
2014 2647 2110 2687 adv.

445 2715 521 2766 leg.
547 2721 589 2755 et
611 2714 759 2766 proph.
789 2726 886 2765 1:15
912 2714 1031 2754 reads
1054 2714 1127 2754 the
1151 2727 1263 2754 same
1286 2727 1331 2754 as
1362 2715 1428 2754 De
1462 2714 1565 2755 Gen.
1597 2728 1687 2755 con.
1720 2715 1839 2754 Man.
1949 2727 2010 2764 23.
2047 2714 2113 2754 De

449 2781 551 2822 Gen.
586 2794 676 2821 con.
713 2781 832 2820 Man.
871 2794 911 2820 2:
923 2793 944 2832 5
983 2781 1018 2820 is
1050 2781 1124 2821 the
1158 2794 1270 2820 same
1308 2794 1354 2820 as
1395 2794 1482 2830 221,
1517 2787 1662 2832 except
1695 2781 1790 2821 that
1827 2781 1862 2821 it
1898 2781 2041 2831 begins
2079 2785 2114 2820 et

446 2848 612 2888 dimisit.
724 2861 784 2896 24.
814 2848 879 2887 De
914 2847 1016 2888 Gen.
1053 2860 1142 2887 con.
1178 2847 1296 2887 Man.
1336 2861 1407 2887 212
1412 2861 1434 2898 3
1470 2848 1545 2887 has
1581 2848 1654 2888 the
1690 2848 1809 2888 order
1845 2847 2031 2898 changed
2067 2853 2113 2887 to

447 2915 530 2954 suit
550 2915 622 2954 the
643 2920 824 2954 context.
