2309 3583
385 273 440 313 30
617 270 647 301 A
678 269 826 300 STUDY
855 269 913 300 OF
942 258 1251 301 AUGUSTINE'S
1280 270 1508 302 VERSIONS
1538 271 1595 302 OF
1626 271 1821 302 GENESIS

385 390 427 423 et
445 384 581 423 lavem
598 383 724 435 pedes
741 389 914 434 vestros,
935 390 976 424 et
994 384 1230 435 refrigerate
1249 384 1325 424 sub
1344 385 1502 425 arbore.
1559 397 1594 436 5.
1625 386 1681 425 Et
1699 399 1861 425 sumam
1878 398 2044 437 panem,

386 456 428 490 et
447 450 712 500 manducate,
739 456 781 490 et
799 456 944 502 postea
964 451 1195 491 transibitis
1212 450 1256 490 in
1275 451 1388 491 viam
1407 458 1589 491 vestram
1607 458 1776 503 propter
1795 453 1908 504 quod
1927 452 2049 492 decli-

385 516 516 556 nastis
537 516 592 556 ad
613 530 777 556 servum
798 523 996 557 vestrum.
1044 518 1100 557 Et
1121 518 1330 557 dixerunt:
1358 517 1423 558 Sic
1444 518 1510 558 fac
1525 519 1876 570 quemadmodum
1892 518 2045 559 dixisti.

389 595 424 634 7.
454 584 510 622 Et
534 583 578 622 in
602 583 731 623 boves
756 584 992 623 adcucurrit
1018 584 1243 624 Abraham.
1299 586 1322 623 8
1328 616 1496 624 .....
1527 585 1584 624 Et
1609 585 1804 636 apposuit
1830 591 1927 625 ante
1952 585 2043 624 illos

387 656 429 689 et
451 649 625 689 ederunt
631 681 800 690 .....
857 664 894 701 9.
924 651 980 690 Et
1001 650 1106 690 dixit
1127 656 1268 690 autem
1289 651 1344 691 ad
1363 651 1498 690 illum:
1534 650 1618 691 Ubi
1633 657 1695 691 est
1711 652 1810 692 Sara
1826 665 1928 691 uxor
1943 652 2049 691 tua?

386 716 599 756 Abraham
621 722 763 756 autem
787 722 828 756 et
851 717 972 757 Sarra
995 717 1171 756 seniores
1192 717 1394 768 progressi
1416 717 1459 756 in
1483 717 1627 757 diebus
1647 718 1742 757 suis.
1797 718 2050 758 Defecerunt

386 788 529 823 autem
543 783 688 823 Sarrae
701 783 787 822 fieri
801 783 1029 823 muliebria.
1089 797 1149 834 13.
1180 784 1236 823 Et
1250 783 1354 824 dixit
1367 783 1574 824 Dominus
1588 785 1642 824 ad
1655 784 1884 824 Abraham:
1913 785 2050 835 Quare

386 849 477 889 risit
498 850 619 890 Sarra
639 849 682 889 in
703 855 833 889 semet
852 850 943 901 ipsa
964 850 1120 890 dicens:
1156 851 1264 901 Ergo
1284 863 1380 890 vere
1400 851 1592 902 pariam?
1648 851 1736 901 Ego
1756 857 1899 890 autem
1920 851 2049 890 senui.

390 927 450 967 15.
480 916 664 967 Negavit
702 916 822 956 Sarra
860 917 1015 956 dicens:
1066 917 1165 956 Non
1202 916 1288 965 risi;
1330 916 1473 956 timuit
1502 917 1624 956 enim.
1684 919 1744 957 16.
1774 918 2051 968 Exsurgentes

387 989 530 1022 autem
560 982 656 1022 inde
688 982 780 1032 viri,
813 989 1112 1034 conspexerunt
1143 983 1186 1022 in
1217 983 1366 1023 faciem
1398 984 1671 1023 Sodomorum
1703 990 1745 1023 et
1778 984 2050 1034 Gomorrhae;

386 1049 601 1089 Abraham
614 1063 712 1089 vero
726 1049 971 1089 ambulabat
985 1062 1079 1088 cum
1093 1049 1172 1088 illis
1186 1049 1403 1089 deducens.
1463 1062 1523 1100 17.
1553 1050 1759 1089 Dominus
1773 1056 1915 1090 autem
1929 1051 2051 1091 dixit:

386 1115 606 1167 Numquid
622 1115 763 1155 celabo
780 1129 853 1166 ego
869 1129 997 1167 puero
1013 1129 1104 1155 meo
1120 1116 1333 1156 Abraham
1349 1129 1455 1167 quae
1468 1129 1542 1167 ego
1554 1116 1692 1156 facio?
1750 1119 1811 1157 18.
1838 1117 2049 1157 Abraham

387 1182 467 1222 erit
488 1182 530 1221 in
552 1195 747 1232 magnam
767 1188 934 1232 gentem
956 1188 997 1221 et
1019 1182 1209 1232 multam,
1232 1188 1274 1222 et
1294 1182 1591 1222 benedicentur
1611 1183 1655 1222 in
1676 1196 1723 1222 eo
1745 1196 1888 1223 omnes
1908 1190 2052 1234 gentes

387 1255 533 1288 terrae.
594 1263 653 1299 19.
683 1248 871 1289 Sciebam
893 1248 1003 1287 enim
1024 1248 1122 1300 quia
1144 1248 1372 1288 constituet
1392 1249 1486 1289 filiis
1507 1249 1591 1289 suis
1613 1256 1654 1289 et
1676 1249 1816 1290 domui
1839 1263 1936 1290 suae
1956 1257 2052 1301 post

387 1329 442 1363 se,
470 1321 511 1354 et
538 1314 773 1355 custodient
798 1314 889 1354 vias
915 1314 1071 1355 domini
1097 1315 1231 1355 facere
1254 1315 1462 1355 iustitiam
1489 1322 1530 1355 et
1555 1315 1769 1366 iudicium,
1796 1322 1844 1356 ut
1870 1317 2053 1357 adducat

388 1382 595 1421 Dominus
617 1382 659 1420 in
682 1381 895 1421 Abraham
918 1381 1057 1421 omnia
1080 1395 1187 1433 quae
1209 1382 1372 1422 locutus
1395 1388 1457 1422 est
1479 1383 1534 1423 ad
1554 1382 1685 1422 illum.
1743 1397 1804 1422 20.
1834 1382 1953 1423 Dixit
1977 1397 2049 1423 au-

387 1454 474 1489 tem
491 1448 714 1488 Dominus:
746 1448 913 1488 Clamor
930 1448 1203 1489 Sodomorum
1219 1455 1260 1488 et
1279 1449 1533 1489 Gomorrhae
1548 1450 1729 1501 inpletus
1746 1456 1821 1499 est,
1839 1456 1881 1490 et
1897 1450 2051 1491 delicta

386 1528 528 1555 eorum
552 1528 703 1565 magna
727 1515 862 1560 valde.
920 1528 980 1555 21.
1011 1515 1275 1556 Descendens
1299 1529 1394 1567 ergo
1419 1516 1583 1566 videbo,
1605 1516 1637 1556 si
1657 1517 1883 1557 secundum
1902 1517 2052 1557 clamo-

385 1595 472 1621 rem
494 1582 677 1632 ipsorum
699 1581 937 1621 venientem
959 1582 1014 1622 ad
1035 1595 1101 1621 me
1120 1589 1478 1632 consummantur,
1510 1583 1543 1622 si
1563 1589 1705 1623 autem
1724 1597 1820 1633 non,
1841 1590 1889 1623 ut
1909 1584 2050 1624 sciam.

389 1662 450 1688 22.
481 1649 536 1688 Et
563 1648 749 1688 conversi
774 1648 870 1689 inde
895 1648 987 1698 viri,
1015 1655 1218 1689 venerunt
1250 1650 1293 1689 in
1320 1650 1516 1699 Sodoma3
1556 1650 1768 1690 Abraham
1795 1657 1937 1691 autem
1963 1658 2052 1691 erat

387 1715 523 1755 adhuc
548 1720 664 1754 stans
689 1721 788 1754 ante
813 1715 1055 1755 Dominum.
1114 1730 1133 1755 2
1138 1729 1175 1767 3.
1205 1716 1261 1756 Et
1286 1717 1558 1768 approprians
1582 1716 1795 1757 Abraham
1821 1717 1942 1757 dixit:
1983 1719 2049 1758 Ne

387 1781 508 1821 simul
532 1782 682 1832 perdas
705 1781 863 1821 iustum
887 1795 981 1821 cum
1005 1782 1150 1833 impio3
1191 1788 1232 1822 et
1257 1782 1334 1822 erit
1358 1783 1492 1823 iustus
1516 1789 1721 1835 tanquam
1743 1783 1929 1835 impius?
1987 1796 2048 1834 27.

387 1849 475 1899 Ego
496 1854 606 1887 terra
626 1854 667 1887 et
688 1847 789 1887 cinis
809 1862 913 1888 sum.
972 1851 1032 1888 28.
1063 1850 1119 1888 Et
1139 1849 1257 1899 dixit,
1278 1849 1376 1901 quia
1396 1863 1479 1889 non
1501 1850 1686 1901 perdam,
1714 1850 1747 1890 si
1772 1850 1969 1891 invenero
1993 1851 2052 1891 ibi

387 1915 663 1966 quadraginta
702 1915 898 1966 quinque.
954 1929 1016 1966 30.
1046 1916 1276 1967 Numquid,
1317 1917 1510 1967 Domine,
1551 1917 1584 1957 si
1623 1917 1781 1969 loquar.
1839 1931 1902 1969 33.
1932 1918 2050 1958 Abiit

385 1987 528 2021 autem
552 1981 771 2031 Dominus,
797 1988 844 2021 ut
868 1982 990 2022 desiit
1014 1982 1126 2034 loqui
1150 1983 1205 2023 ad
1227 1983 1452 2033 Abraham,
1478 1990 1520 2023 et
1543 1984 1755 2024 Abraham
1779 1998 1983 2035 regressus
2005 1985 2050 2025 in

385 2048 521 2088 locum
541 2061 674 2087 suum.

1098 2103 1273 2137 CHAPTER
1299 2115 1339 2145 19

469 2195 502 2221 1.
531 2182 743 2222 Venerunt
766 2187 908 2221 autem
930 2182 1063 2233 angeli
1086 2183 1169 2222 duo
1190 2183 1233 2222 in
1256 2183 1435 2224 Sodoma
1457 2184 1511 2224 ad
1533 2197 1762 2235 vesperam.
1817 2185 1928 2225 Loth
1950 2199 2050 2225 vero

386 2248 558 2288 sedebat
590 2248 707 2288 iuxta
738 2254 904 2300 portam
948 2249 1232 2289 Sodomorum.
1295 2250 1450 2290 Videns
1483 2256 1625 2290 autem
1656 2252 1767 2291 Loth
1801 2252 1975 2291 surrexit
2007 2252 2051 2292 in

386 2314 556 2354 obviam
571 2314 651 2354 illis
666 2320 709 2354 et
725 2315 917 2355 adoravit
932 2315 975 2354 in
991 2315 1139 2355 faciem
1154 2316 1197 2355 in
1214 2322 1381 2357 terram.
1439 2330 1474 2357 2.
1504 2318 1560 2356 Et
1577 2317 1698 2357 dixit:
1728 2318 1848 2368 Ecce,
1865 2318 2050 2369 Domini,

387 2381 583 2421 divertite
600 2381 643 2420 in
661 2381 832 2421 domum
848 2381 965 2433 pueri
983 2382 1124 2422 vestri.
1181 2385 1216 2422 8.
1247 2383 1353 2423 Sunt
1370 2383 1472 2423 mihi
1491 2384 1597 2424 duae
1614 2384 1722 2425 filiae
1740 2398 1847 2436 quae
1864 2385 2051 2425 nondum

385 2453 668 2498 cognoverunt
682 2448 837 2498 virum;
866 2449 1094 2500 producam
1109 2448 1199 2489 illas
1215 2450 1269 2490 ad
1284 2463 1359 2490 vos
1374 2456 1416 2490 et
1432 2450 1597 2490 utimini
1614 2451 1671 2490 eis
1687 2451 1896 2502 quomodo
1911 2452 2052 2504 placu-

386 2514 464 2554 erit
477 2514 614 2554 vobis:
642 2520 811 2554 tantum
824 2515 867 2554 in
881 2514 992 2555 viros
1003 2515 1106 2555 istos
1120 2529 1171 2555 ne
1184 2516 1348 2556 faciatis
1361 2516 1564 2568 iniquum,
1578 2524 1798 2569 propterea
1812 2518 1910 2570 quia
1923 2519 2051 2559 intra-

385 2586 536 2620 verunt
563 2581 639 2620 sub
666 2586 826 2620 tectum
852 2581 1063 2632 tignorum
1088 2596 1287 2622 meorum.
1344 2598 1380 2635 9.
1409 2584 1613 2624 Habitare
1639 2584 1805 2634 venisti,
1832 2598 1916 2624 non
1942 2586 2049 2636 leges

383 2647 493 2687 dare.
556 2661 615 2687 11.
645 2647 766 2688 Viros
782 2661 880 2687 vero
899 2648 970 2700 qui
987 2655 1106 2688 erant
1122 2649 1177 2690 ad
1193 2649 1347 2689 ostium
1365 2650 1512 2690 domus
1527 2658 1818 2702 percusserunt
1835 2651 2048 2691 caecitate.

389 2727 449 2753 12.
478 2714 686 2753 Dixerunt
706 2714 785 2754 viri
807 2715 861 2754 ad
881 2715 1009 2754 Loth:
1045 2716 1151 2756 Sunt
1172 2716 1251 2755 tibi
1272 2716 1339 2756 hic
1359 2717 1511 2767 generi,
1534 2724 1608 2757 aut
1629 2718 1715 2768 filii,
1738 2724 1813 2758 aut
1833 2718 1953 2767 filiae,
1976 2724 2051 2758 aut

386 2779 420 2820 si
437 2781 528 2832 quis
544 2781 622 2820 tibi
639 2781 743 2821 alius
759 2787 821 2821 est
836 2781 879 2821 in
896 2781 1067 2822 civitate
1079 2783 1183 2822 educ
1202 2783 1356 2823 deloco
1375 2784 1465 2823 hoc.
1525 2798 1584 2835 13.
1614 2785 1822 2835 Quoniam
1839 2785 2049 2836 perdimus

385 2860 460 2886 nos
492 2847 628 2887 locum
654 2847 782 2898 hunc3
825 2848 923 2900 quia
951 2849 1157 2889 exaltatus
1185 2855 1247 2889 est
1275 2850 1428 2890 clamor
1456 2864 1598 2890 eorum
1625 2858 1723 2891 ante
1750 2851 1980 2891 Dominum
2008 2858 2050 2891 et

384 2912 498 2953 misit
517 2927 591 2953 nos
610 2914 817 2954 Dominus
836 2921 1045 2955 conterere
1065 2929 1171 2955 eum.
1231 2918 1291 2956 16.
1320 2917 1377 2956 Et
1391 2923 1615 2958 tenuerunt
1630 2918 1763 2969 angeli
1777 2931 1949 2958 manum
1963 2917 2050 2958 eius

383 2985 425 3018 et
445 2993 616 3019 manum
636 2980 773 3021 uxoris
792 2981 878 3022 eius
898 2988 940 3022 et
954 2995 1102 3022 manus
1117 2983 1293 3022 duarum
1307 2983 1485 3024 filiarum
1499 2984 1599 3034 eius,
1614 2984 1658 3024 in
1672 2998 1720 3025 eo
1736 2984 1847 3036 quod
1861 2990 2049 3036 parceret
