2309 3583
166 381 321 448 lignum
366 394 695 435 fructiferum

165 463 318 503 faciens
356 462 551 510 fructum,
581 460 695 499 cuius

166 541 303 569 semen
331 528 384 567 sit
412 528 454 566 in
483 540 524 566 se
553 540 694 566 secun-

165 595 265 635 dum
326 607 444 634 suam
505 594 694 633 similitu-

168 661 318 701 dinem.
375 661 430 699 Et
452 660 508 699 sic
529 665 591 699 est
612 660 695 699 fac-

164 733 269 767 tum.
375 740 435 766 12.
465 727 521 766 Et
573 726 693 765 eiecit

165 800 274 833 terra
326 793 500 833 herbam
553 793 695 844 pabuli

163 860 365 900 ferentem
389 872 528 899 semen
554 872 696 899 secun-

168 926 268 966 dum
317 939 437 965 suum
486 939 627 977 genus,
653 932 696 965 et

166 993 361 1043 lignum
436 992 695 1032 fructiferum

165 1059 318 1099 faciens
352 1059 548 1108 fructum,
582 1059 697 1099 cuius

167 1139 306 1165 semen
333 1126 375 1165 in
404 1139 446 1165 se
471 1126 697 1166 secundum

166 1205 283 1232 suam
369 1192 694 1242 similitudinem,

165 1259 390 1299 secundum
418 1272 539 1298 suum
565 1272 694 1310 genus

166 1339 315 1376 super
367 1332 569 1366 terram.
636 1327 692 1366 Et

165 1392 271 1432 vidit
291 1393 405 1432 Deus
425 1392 523 1443 quia
538 1393 697 1432 bonum

165 1465 240 1498 est.
299 1472 359 1510 13.
389 1459 445 1498 Et
481 1459 594 1499 facta
632 1465 696 1499 est

164 1538 347 1576 vespera,
376 1531 417 1565 et
444 1525 604 1565 factum
631 1532 695 1565 θεῖ

164 1605 285 1631 mane
309 1592 394 1631 dies
418 1592 578 1632 tertius.
632 1606 693 1641 14.

166 1659 222 1698 Et
255 1658 358 1698 dixit
391 1659 523 1698 Deus:
572 1659 695 1698 Fiant

165 1725 296 1765 sidera
342 1725 385 1764 in
432 1725 695 1765 firmamento

165 1791 279 1841 coeli,
329 1792 385 1831 sie
433 1798 481 1832 ut
529 1793 695 1832 luceant

165 1871 286 1909 super
331 1864 498 1908 terram,
546 1865 587 1898 et
635 1859 694 1899 di-

165 1925 312 1965 vidant
352 1925 460 1964 inter
502 1926 612 1965 diem
653 1931 696 1965 et

166 1998 344 2041 noctem,
392 2004 451 2043 15.
483 1993 539 2032 Et
555 1992 697 2032 sintin

167 2059 295 2109 signa,
334 2064 375 2098 et
412 2059 455 2097 in
492 2065 696 2110 tempora,

167 2131 208 2164 et
230 2125 273 2164 in
297 2125 396 2175 dies,
419 2131 461 2165 et
483 2126 526 2164 in
548 2139 696 2175 annos;

166 2197 210 2231 et
225 2192 308 2231 sint
321 2191 365 2230 in
381 2192 640 2243 splendorem
654 2192 697 2231 in

167 2257 428 2298 firmamento
448 2259 562 2308 coeli,
579 2259 636 2298 sic
651 2264 699 2298 ut

167 2325 332 2364 luceant
371 2338 492 2376 super
529 2331 696 2365 terram.

169 2392 225 2430 Et
289 2392 346 2431 sic
410 2398 472 2431 θεῖ
523 2392 696 2432 factum.

172 2460 231 2497 16.
288 2458 344 2497 Et
415 2458 513 2498 fecit
581 2460 697 2498 Deus

168 2525 251 2564 duo
293 2525 512 2565 luminaria
565 2526 699 2566 maius

168 2598 210 2631 et
247 2592 400 2631 minus:
444 2592 699 2632 luminare

168 2658 300 2698 maius
324 2659 367 2697 in
391 2657 717 2698 inchoationem¹

169 2724 261 2773 diei,
281 2730 323 2764 et
342 2724 542 2765 luminare
562 2726 698 2765 minus

168 2791 210 2830 in
253 2791 560 2831 inchoationem
604 2805 699 2831 noc—

168 2858 235 2907 tis,
267 2864 309 2897 et
340 2858 490 2898 stellas.
551 2870 611 2909 17.
642 2859 699 2898 Et

168 2925 308 2975 posuit
354 2925 444 2964 illas
493 2926 608 2964 Deus
656 2926 699 2964 in

168 2991 430 3031 firmamento
447 2992 561 3042 coeli,
579 2991 636 3031 sie
653 2998 701 3031 ut

873 279 964 309 THE
995 279 1115 308 TEXT

731 406 802 432 ens
830 393 1026 441 fructum,
1056 392 1172 431 cuius
1200 404 1260 430 se-

730 472 824 498 men
842 459 895 498 sit
913 459 955 497 in
973 471 1015 497 se
1033 457 1261 497 secundum

730 538 872 564 suam
934 524 1259 564 similitudinem.

730 593 786 631 Et
806 592 862 631 sic
882 597 945 630 θεῖ
964 591 1137 630 factum.
1198 603 1257 629 12.

730 659 786 697 Et
812 657 927 697 dedit
952 663 1062 697 terra
1087 656 1260 696 herbam

728 724 871 776 pabuli
895 724 1095 763 ferentem
1120 736 1260 762 semen

729 790 955 830 secundum
983 802 1104 829 suum
1131 802 1260 840 genus

730 863 772 897 et
807 858 963 908 lignum
997 856 1260 896 fructiferum

730 924 884 964 faciens
915 923 1112 971 fructum,
1146 923 1262 962 cuius

730 1003 869 1031 semen
894 990 936 1029 in
965 1002 1007 1030 se
1033 988 1262 1029 secundum

731 1070 849 1097 suam
935 1056 1260 1096 similitudinem.

731 1124 847 1165 Vidit
862 1124 977 1163 Deus
993 1123 1091 1174 quia
1106 1122 1263 1162 bonum

732 1197 806 1231 est.
866 1204 926 1241 13.
957 1191 1013 1230 Et
1049 1190 1163 1229 facta
1200 1195 1263 1228 θεῖ

732 1271 916 1309 vespera,
944 1263 987 1296 et
1013 1257 1173 1296 factum
1201 1262 1264 1296 est

732 1338 853 1364 mane
874 1324 960 1364 dies
980 1323 1141 1364 tertius.
1201 1336 1261 1371 14.

732 1392 789 1431 Et
822 1391 925 1431 dixit
958 1391 1090 1430 Deus:
1139 1390 1265 1429 Fiant

732 1457 951 1498 luminaria
966 1457 1008 1496 in
1027 1457 1263 1496 firmamen-

732 1531 777 1564 to
829 1524 943 1573 caeli,
997 1530 1044 1563 ut
1096 1523 1263 1563 luceant

732 1605 854 1642 super
889 1596 1044 1630 terram
1081 1596 1122 1629 et
1160 1589 1264 1629 divi-

731 1658 834 1698 dant
852 1658 959 1696 inter
978 1656 1088 1696 diem
1107 1662 1149 1696 et
1167 1669 1264 1696 noc-

730 1730 833 1773 tem;
898 1735 958 1774 15.
988 1724 1045 1762 Et
1091 1722 1175 1762 sint
1220 1723 1263 1762 in

731 1791 855 1842 signis
877 1796 919 1830 et
940 1790 984 1829 in
1006 1790 1265 1841 temporibus

731 1864 773 1898 et
788 1858 831 1897 in
848 1857 993 1897 diebus
1009 1862 1051 1896 et
1066 1857 1110 1895 in
1126 1856 1263 1905 annis;

732 1931 774 1965 et
809 1924 892 1964 sint
926 1924 969 1963 in
1004 1922 1267 1974 splendorem

731 1992 774 2031 in
799 1991 1062 2030 firmamento
1083 1990 1198 2039 caeli,
1218 1995 1267 2029 ut

731 2058 898 2098 luceant
937 2071 1059 2108 super
1096 2063 1264 2096 terram.

736 2127 797 2165 16.
853 2125 916 2164 Et
963 2124 1094 2163 fecit
1150 2124 1266 2163 Deus

734 2192 816 2231 duo
861 2190 1153 2239 luminaria3
1206 2190 1266 2229 lu-

734 2259 890 2298 minare
928 2257 1061 2297 maius
1099 2257 1267 2296 initium

735 2325 815 2365 diei
838 2330 880 2364 et
904 2324 1105 2364 luminare
1129 2324 1267 2363 minus

732 2392 898 2432 initium
925 2391 1072 2440 noctis,
1101 2396 1143 2430 et
1170 2390 1266 2430 stel-

733 2459 806 2498 las.
865 2470 925 2508 17.
956 2459 1012 2497 Et
1033 2458 1175 2508 posuit
1196 2457 1267 2496 illa

734 2527 849 2565 Deus
903 2525 946 2564 in
1000 2525 1265 2564 firmamento

734 2592 848 2641 caeli,
875 2598 923 2632 ut
951 2592 1118 2632 luceant
1146 2604 1268 2642 super

733 2666 901 2708 terram,
959 2661 1020 2698 18.
1051 2659 1108 2698 Et
1149 2671 1267 2709 prae-

735 2727 818 2765 sint
861 2726 941 2765 diei
984 2731 1026 2764 et
1068 2725 1182 2764 nocti
1225 2730 1268 2763 et

735 2792 927 2832 dividant
986 2792 1095 2831 inter
1158 2791 1268 2831 diem

736 2865 778 2898 et
812 2864 990 2899 noctem.
1057 2859 1114 2897 Et
1160 2857 1268 2897 vidit

736 2927 851 2965 Deus
879 2926 977 2977 quia
1004 2925 1163 2965 bonum
1191 2930 1266 2964 θεῖ.

740 3006 800 3043 19.
857 2993 913 3031 Et
942 2992 1056 3032 facta
1086 2997 1149 3031 est
1179 3004 1269 3031 ves-

1774 278 1823 320 15

1296 391 1395 431 dum
1427 392 1750 440 similitudinem,
1784 398 1826 432 et

1295 457 1451 507 lignum
1497 459 1826 498 fructiferum

1295 523 1448 562 faciens
1480 524 1676 574 fructum,
1709 525 1825 564 cuius

1296 602 1433 629 semen
1467 590 1552 629 eius
1585 591 1627 628 in
1661 591 1751 641 ipso
1784 592 1826 630 in

1296 656 1691 696 similitudinem
1710 670 1827 696 suam

1295 735 1416 773 super
1444 727 1610 761 terram.
1666 724 1722 762 Et
1745 724 1828 763 sac-

1295 794 1387 827 tum
1436 794 1499 828 est
1548 789 1617 828 sic.
1684 803 1743 828 12.
1773 791 1829 829 Et

1296 855 1413 894 eiecit
1459 861 1568 894 terra
1620 854 1829 894 herbam

1295 922 1438 972 pabuli
1453 934 1591 961 semen
1605 921 1829 961 habentem

1297 988 1523 1028 secundum
1551 1001 1672 1028 suum
1699 1001 1827 1039 genus

1297 1061 1339 1094 et
1375 1055 1601 1095 seeundum
1637 1055 1828 1094 similitu-

1298 1121 1449 1170 dinem,
1475 1128 1516 1161 et
1540 1122 1697 1172 lignum
1720 1122 1828 1161 fruc-

1297 1188 1466 1228 tiferum
1515 1189 1670 1228 faciens
1720 1189 1828 1228 fruc-

1298 1261 1403 1304 tum,
1431 1255 1546 1294 cuius
1575 1268 1713 1295 semen
1743 1256 1831 1295 eius

1297 1321 1340 1361 in
1354 1322 1444 1373 ipso
1460 1322 1687 1361 secundum
1701 1333 1829 1372 genus

1299 1402 1419 1440 super
1437 1394 1603 1428 terram.
1650 1389 1706 1428 Et
1724 1389 1831 1428 Vidit

1299 1456 1414 1495 Deus
1441 1455 1539 1506 quia
1566 1455 1724 1495 bonum
1751 1461 1827 1495 est.

1302 1536 1362 1573 13.
1392 1523 1448 1562 Et
1485 1523 1599 1562 facta
1638 1528 1702 1562 est
1740 1535 1830 1562 ves-

1298 1602 1410 1640 pera,
1463 1595 1505 1628 et
1555 1589 1716 1628 factum
1767 1595 1830 1629 est

1299 1669 1421 1695 mane
1441 1655 1527 1695 dies
1547 1656 1708 1695 tertius.
1769 1669 1830 1704 14.

1300 1723 1356 1762 Et
1389 1722 1493 1762 dixit
1526 1723 1658 1762 Deus:
1707 1722 1832 1762 Fiant

1300 1789 1518 1828 luminaria
1536 1789 1579 1828 in
1598 1789 1832 1828 firmamen-

1300 1862 1346 1895 to
1371 1856 1485 1905 caeli,
1512 1856 1568 1895 sic
1594 1862 1642 1895 ut
1667 1856 1832 1895 luceant

1301 1936 1423 1974 super
1447 1928 1601 1962 terram
1626 1922 1669 1961 in
1693 1922 1834 1962 incho-

1302 1990 1485 2029 ationem
1511 1989 1591 2029 diei
1617 1995 1659 2028 et
1685 1989 1832 2039 noctis,

1302 2063 1344 2096 et
1391 2062 1440 2096 ut
1488 2056 1679 2096 dividant
1727 2056 1834 2095 inter

1303 2123 1411 2163 diem
1445 2129 1486 2162 et
1523 2128 1702 2172 noctem,
1772 2134 1832 2173 15.

1303 2191 1359 2229 Et
1388 2190 1471 2229 sint
1500 2190 1542 2228 in
1572 2190 1687 2240 signa
1717 2195 1759 2228 et
1789 2189 1831 2228 in

1302 2263 1491 2308 tempora
1523 2262 1565 2296 et
1597 2256 1640 2295 in
1672 2256 1758 2296 dies
1790 2262 1832 2295 et

1302 2324 1344 2363 in
1384 2336 1530 2372 annos3
1586 2329 1627 2362 et
1667 2322 1751 2362 sint
1790 2322 1834 2361 in

1302 2390 1561 2442 splendorem
1607 2389 1650 2428 in
1696 2389 1833 2428 firma-

1303 2463 1444 2497 mento
1459 2457 1572 2505 caeli,
1590 2456 1646 2496 sic
1662 2462 1709 2495 ut
1725 2456 1832 2495 luce-

1303 2530 1377 2564 ant
1405 2537 1525 2574 super
1555 2529 1723 2562 terram.
1780 2523 1836 2562 Et

1303 2591 1462 2630 factum
1521 2596 1583 2629 est
1643 2589 1712 2628 sic.
1772 2591 1833 2628 16.

1304 2658 1360 2696 Et
1388 2657 1486 2696 fecit
1516 2657 1630 2695 Deus
1661 2656 1743 2695 duo
1775 2655 1836 2695 lu-

1302 2724 1480 2763 minaria
1511 2735 1678 2773 magna,
1709 2721 1835 2762 lumi-

1303 2804 1403 2831 nare
1434 2789 1568 2829 maius
1599 2789 1642 2828 in
1665 2788 1836 2829 inchoa-

1303 2858 1459 2897 tionem
1499 2856 1591 2905 diei,
1632 2861 1674 2895 et
1713 2855 1832 2894 lumi-

1303 2937 1401 2963 nare
1432 2923 1567 2962 minus
1596 2923 1639 2961 in
1669 2921 1836 2961 inchoa-

1304 2990 1460 3030 tionem
1490 2989 1636 3039 noctis,
1667 2994 1710 3028 et
1740 2988 1837 3028 stel-
