2309 3583
474 273 529 312 44
706 269 737 299 A
768 270 915 300 STUDY
945 270 1002 300 OF
1031 259 1339 302 AUGUSTINE’S
1369 271 1595 302 VERSIONS
1625 272 1683 302 OF
1713 272 1907 303 GENESIS

472 388 554 424 erat
599 390 719 435 super
750 384 1050 435 firmamentum
1091 389 1126 425 et
1166 385 1268 425 inter
1309 399 1454 437 aquam
1496 400 1595 437 quae
1636 391 1717 426 erat
1758 387 1831 427 sub
1870 387 2136 438 firmamento.

472 465 508 501 9.
546 451 611 490 De
641 450 742 490 Gen.
772 451 828 490 ad
865 451 926 491 lit.
959 464 1073 501 2:11,
1103 465 1127 491 a
1166 451 1243 491 few
1277 452 1379 491 lines
1417 452 1575 492 farther
1613 466 1681 502 on,
1709 454 1829 493 reads
1862 457 2138 504 congregentur

471 530 609 568 aquae,
643 517 744 556 then
777 518 882 557 later
915 518 1036 568 again
1069 518 1145 557 has
1178 518 1250 558 the
1285 518 1465 569 singular
1495 519 1614 558 form.
1670 520 1778 559 Ibid.
1814 533 1915 568 4:22
1953 519 2029 559 has
2061 519 2137 559 col-

467 583 668 624 lectionem
704 583 868 623 instead
905 584 948 624 of
985 585 1331 636 congregationem.
1398 586 1463 624 De
1502 585 1605 626 Gen.
1636 599 1726 625 con.
1757 586 1876 625 Man.
1907 599 1978 636 1:3
2015 585 2136 625 reads

464 654 740 701 congregentur
763 663 900 702 aquae.
957 651 1064 702 Imp.
1092 651 1195 691 Gen.
1225 665 1273 690 10
1296 651 1371 691 has
1395 656 1641 703 congregetur
1665 666 1785 703 aqua.
1843 652 2028 692 Confess.
2059 665 2125 691 12:

470 729 532 766 22,
560 721 805 768 congregetur
832 730 935 768 aqua
963 730 1061 768 quae
1089 722 1144 757 est
1170 718 1241 757 sub
1254 718 1519 768 firmamento.
1577 718 1680 758 Con.
1704 719 1799 758 adv.
1822 719 1898 769 leg.
1922 724 1964 757 et
1984 718 2133 769 proph.

469 796 584 834 1:13,
612 783 901 834 Congregentur
928 797 1053 835 aquae
1071 783 1118 823 in
1153 784 1487 835 congregationem
1521 798 1661 833 unam,
1699 789 1734 824 et
1770 789 1963 836 appareat
1999 785 2134 832 arida,-

465 850 567 889 then
587 863 612 889 a
631 850 737 889 little
756 850 860 889 later
879 850 951 889 the
965 850 1114 901 phrase
1129 855 1375 901 congregetur
1387 864 1492 902 aqua
1503 850 1673 890 follows.
1786 864 1846 890 11.
1877 852 1942 890 De
1960 850 2063 891 Gen.
2080 851 2135 891 ad

464 916 526 958 lit.
553 917 670 967 3:18,
695 916 884 967 producat
908 920 1009 955 terra
1033 916 1190 956 herbam
1215 917 1356 967 pabuli
1373 917 1634 956 seminantem
1652 930 1783 956 semen
1802 921 1837 956 et
1854 917 2010 968 lignum
2019 917 2135 968 fruc-

467 983 629 1034 tiferum
641 982 801 1033 faciens
814 983 1006 1033 fructum.
1069 983 1177 1022 Ibid.
1204 995 1292 1033 524,
1315 983 1503 1033 germinet
1523 987 1625 1022 terra
1646 983 1804 1023 herbam
1817 983 1910 1033 feni
1931 983 2135 1023 seminans

467 1062 609 1089 semen.
665 1050 772 1099 Imp.
798 1049 899 1089 Gen.
927 1063 970 1088 11
994 1049 1099 1088 later
1119 1049 1238 1089 reads
1259 1049 1360 1088 with
1387 1049 1503 1088 these
1531 1050 1735 1089 variants:
1770 1050 1986 1090 secundum
2012 1063 2135 1101 genus

467 1128 601 1165 suum,
643 1115 728 1155 and
766 1115 921 1166 lignum
952 1115 1222 1166 fructiferum,
1255 1121 1334 1154 etc.
1447 1128 1506 1154 12.
1537 1116 1603 1155 De
1637 1115 1740 1156 Gen.
1775 1116 1830 1156 ad
1861 1116 1923 1156 lit.
1960 1128 2048 1167 5:4‚
2081 1118 2135 1156 Et

469 1182 656 1233 produxit
678 1186 779 1221 terra
800 1181 958 1221 herbam
978 1181 1119 1232 pabuli
1144 1179 1215 1230 (vel
1235 1181 1392 1221 herbam
1406 1179 1515 1233 feni)
1539 1182 1744 1222 seminans
1765 1195 1897 1222 semen
1917 1183 2134 1223 secundum

465 1261 587 1300 genus
613 1253 648 1287 et
672 1248 889 1288 secundum
915 1248 1222 1288 similitudinem
1248 1252 1283 1287 et
1311 1248 1466 1299 lignum
1489 1249 1742 1299 fructuosum
1761 1249 1921 1300 faciens
1939 1250 2133 1300 fructum,

466 1315 583 1355 cuius
601 1327 732 1354 semen
746 1327 865 1354 suum
876 1314 922 1353 in
934 1327 986 1364 se,
999 1320 1078 1353 etc.
1190 1328 1250 1362 14.
1279 1315 1375 1354 Loe.
1397 1328 1413 1353 1
1427 1328 1435 1353 :
1450 1328 1483 1364 1,
1496 1316 1548 1354 Et
1559 1315 1739 1355 dividant
1755 1315 1858 1355 inter
1869 1316 2043 1356 medium
2054 1316 2136 1356 diei

464 1386 499 1422 et
523 1382 626 1421 inter
651 1381 825 1421 medium
849 1381 985 1420 noctis.
1043 1381 1228 1421 Confess.
1261 1383 1400 1432 13:18,
1424 1381 1546 1421 Fiant
1565 1382 1612 1421 in
1622 1382 1875 1433 firmamento
1896 1382 2132 1433 luminaria,

464 1449 619 1489 luceant
637 1454 756 1498 super
775 1452 918 1487 terram
936 1452 971 1487 et
989 1448 1168 1487 dividant
1186 1448 1288 1488 inter
1310 1448 1415 1487 diem
1437 1453 1471 1488 et
1492 1453 1654 1488 noctem.
1766 1461 1826 1500 15.
1863 1450 2032 1500 Quaest.
2057 1452 2134 1501 5:6

463 1515 582 1555 reads
600 1516 655 1553 In
673 1514 813 1564 signis,
833 1520 911 1553 etc.
967 1514 1123 1554 Adnot.
1144 1515 1221 1554 Iob
1246 1517 1359 1565 1:38,
1379 1516 1431 1554 Et
1449 1515 1531 1554 sint
1548 1515 1595 1555 in
1613 1516 1741 1567 signis
1759 1521 1794 1555 et
1812 1516 1859 1555 in
1877 1517 2130 1567 temporibus,

463 1588 541 1622 etc.
598 1582 742 1620 Enarr.
762 1581 804 1620 in
825 1581 890 1620 Ps.
915 1595 1006 1632 109:
1021 1584 1081 1630 16,
1107 1582 1159 1621 Ut
1181 1582 1263 1621 sint
1284 1582 1330 1621 in
1349 1582 1490 1633 signis,
1511 1588 1589 1621 etc.
1636 1583 1769 1634 Epist.
1790 1595 1810 1634 5
1817 1594 1905 1634 5:7,
1921 1584 1976 1622 In
1990 1583 2133 1635 signis,

461 1654 540 1688 etc.
596 1648 681 1687 But
698 1648 763 1687 De
785 1647 886 1688 Gen.
908 1647 963 1688 ad
981 1648 1042 1687 lit.
1065 1654 1213 1699 quotes
1232 1661 1345 1688 same
1364 1649 1520 1688 several
1540 1649 1663 1688 times
1682 1649 1784 1689 with
1803 1650 1876 1689 the
1896 1650 2133 1690 accusative

462 1728 554 1755 case
581 1715 689 1754 after
715 1714 773 1753 in.
886 1716 945 1753 16.
977 1714 1042 1754 Cf.
1069 1714 1171 1754 Con.
1197 1715 1339 1754 Faust.
1374 1728 1513 1764 14:11,
1550 1715 1683 1756 Solem
1709 1716 1756 1755 in
1783 1720 2010 1767 potestatem
2037 1717 2132 1767 diei,

461 1782 602 1822 lunam
620 1781 667 1820 in
687 1785 912 1832 potestatem
938 1782 1076 1821 noctis.
1187 1794 1249 1820 20.
1279 1782 1423 1821 Enarr.
1446 1782 1489 1820 in
1511 1783 1577 1821 Ps.
1600 1784 1720 1831 80:23
1755 1795 1825 1834 49:
1840 1785 1900 1832 18,
1922 1783 2022 1823 read
2042 1789 2133 1834 pro-

460 1849 619 1889 ducant.
676 1848 729 1888 So
746 1848 832 1887 also
851 1848 992 1888 Sermo
1012 1850 1105 1887 268:
1116 1861 1153 1899 3,
1173 1848 1402 1888 Producant
1420 1862 1545 1900 aquae
1564 1849 1748 1889 natantia
1767 1854 1801 1889 et
1818 1850 2006 1889 volatilia.
2064 1851 2130 1890 De

462 1915 602 1955 anima
621 1920 663 1954 et
679 1914 779 1965 orig.
799 1928 842 1963 4:
856 1927 917 1965 23,
935 1915 1164 1955 Producant
1188 1928 1314 1967 aquae
1340 1916 1517 1966 repentia
1542 1916 1773 1956 animarum
1797 1916 2008 1957 viventium
2063 1917 2130 1957 Cf.

462 1982 647 2022 Confess.
681 1995 820 2032 13:20.
876 1982 973 2021 Loc.
1008 1995 1080 2021 122
1110 1982 1186 2021 has
1213 1982 1389 2022 volatilia
1416 1982 1589 2022 volantia
1611 1989 1731 2034 super
1750 1987 1895 2023 terram
1912 1984 2131 2024 secundum

452 2049 754 2100 firmamentum
791 2048 902 2087 caeli.
959 2049 1024 2087 De
1065 2048 1167 2088 Gen.
1199 2048 1254 2088 ad
1289 2049 1350 2088 lit.
1382 2060 1457 2099 327
1489 2049 1564 2088 has
1592 2050 1665 2089 the
1693 2050 1828 2101 plural
1857 2050 1965 2089 form
1994 2055 2130 2091 terras.

464 2129 526 2155 21.
556 2116 621 2154 De
646 2114 750 2154 Gen.
774 2115 829 2154 ad
851 2114 913 2154 lit.
939 2128 1041 2165 3:12
1068 2128 1222 2154 omnem
1253 2115 1434 2155 animam
1465 2116 1708 2156 animalium
1738 2116 1955 2167 reptilium.
2068 2131 2129 2157 22.

462 2181 632 2222 Crescite
675 2185 709 2220 et
752 2181 1083 2232 multiplicamini
1118 2181 1355 2233 frequently
1391 2183 1560 2232 quoted.
1672 2196 1732 2231 24.
1764 2184 1833 2222 De
1866 2184 1945 2223 civ.
1987 2197 2131 2234 13:24;

463 2250 581 2299 16:73
626 2248 767 2288 Sermo
800 2249 888 2296 268,
920 2254 961 2287 et
992 2248 1043 2287 al.
1076 2248 1175 2288 read
1204 2248 1406 2299 producat.
1465 2250 1530 2288 De
1560 2249 1638 2289 civ.
1677 2263 1820 2300 13:243
1867 2250 2001 2301 Epist.
2037 2262 2128 2302 2055

462 2315 528 2354 De
545 2314 684 2355 anima
701 2320 743 2353 et
759 2314 859 2365 orig.
877 2327 920 2362 4:
934 2327 995 2365 23,
1014 2315 1113 2354 read
1129 2315 1314 2354 viventem
1336 2306 1501 2355 i’nstead
1529 2316 1571 2354 of
1597 2316 1736 2355 vivam.
1848 2328 1908 2368 25.
1939 2317 2004 2356 De
2024 2317 2129 2357 Gen.

460 2381 515 2421 ad
541 2381 603 2421 lit.
634 2383 750 2430 6:12,
774 2381 827 2420 Et
845 2380 971 2432 finxit
997 2381 1107 2421 Deus
1136 2381 1264 2421 adhuc
1291 2382 1337 2421 de
1361 2386 1464 2421 terra
1488 2395 1621 2422 omnes
1646 2383 1801 2422 bestias.
1913 2386 1974 2423 26.
2029 2384 2128 2424 Loc.

464 2462 481 2488 1
494 2462 503 2487 z
516 2461 551 2497 2,
574 2447 789 2487 Faciamus
811 2447 1010 2487 hominem
1031 2448 1248 2488 secundum
1269 2448 1487 2498 imaginem
1508 2453 1543 2488 et
1564 2449 1781 2489 secundum
1808 2449 2127 2491 similitudinem.

461 2515 527 2554 De
558 2514 648 2554 Gen
678 2514 732 2553 ad
761 2514 823 2553 lit.
856 2516 946 2563 6:2‚
978 2516 1001 2553 8
1031 2514 1151 2554 reads
1181 2514 1320 2554 habeat
1349 2519 1574 2566 potestatem
1611 2516 1776 2556 instead
1812 2516 1855 2556 of
1892 2516 2129 2565 dominetur,

459 2581 544 2621 and
571 2581 721 2620 inserts
749 2580 822 2620 the
849 2580 999 2631 phrase
1028 2594 1128 2632 quae
1156 2586 1301 2632 repunt
1340 2581 1448 2621 after
1477 2582 1712 2633 repentium.
1776 2584 1841 2622 De
1871 2584 1949 2623 civ.
1986 2595 2126 2635 19:15,

460 2648 698 2688 Dominetur
721 2647 896 2698 piscium
920 2647 1045 2687 maris
1073 2652 1107 2687 et
1134 2648 1354 2688 volatilium
1379 2649 1491 2698 caeli,
1519 2653 1553 2688 et
1579 2650 1758 2689 omnium
1783 2650 2005 2701 repentium
2029 2663 2128 2701 quae

459 2719 604 2765 repunt
622 2719 742 2765 super
762 2718 918 2754 terram.
975 2715 1116 2754 Sermo
1137 2727 1187 2765 43
1199 2728 1207 2754 :
1221 2728 1255 2764 2,
1276 2715 1329 2754 Et
1349 2715 1487 2754 habeat
1508 2720 1734 2766 potestatem
1753 2716 1928 2767 piscium
1948 2717 2073 2756 maris
2093 2721 2128 2756 et

459 2781 679 2821 volatilium
692 2780 801 2830 coeli,
817 2785 851 2820 et
866 2780 1046 2821 omnium
1059 2787 1244 2832 pecorum
1258 2786 1293 2821 et
1306 2782 1549 2832 serpentium
1567 2797 1667 2834 quae
1680 2788 1824 2834 repunt
1837 2790 1957 2834 super
1970 2787 2125 2824 terram.

460 2848 629 2898 Quaest.
662 2859 802 2898 1:153,
828 2847 984 2887 Habeat
1010 2852 1236 2898 potestatem
1263 2848 1439 2899 piscium
1468 2850 1594 2889 maris
1629 2854 1664 2889 et
1696 2850 1915 2890 volatilium
1947 2850 2059 2898 caeli,
2093 2855 2129 2890 et

461 2914 640 2954 omnium
662 2920 846 2965 pecorum
864 2927 963 2965 quae
981 2919 1075 2954 sunt
1096 2920 1216 2966 super
1238 2919 1392 2955 terram.
1449 2916 1498 2954 In
1528 2916 1661 2967 Epist.
1682 2917 1882 2956 Ioannem
1906 2918 1982 2955 826
2005 2917 2128 2956 reads

460 2980 532 3020 the
560 2994 672 3020 same
699 2994 745 3020 as
771 2980 843 3020 the
870 2981 950 3020 last
977 2987 1122 3032 except
1150 2981 1221 3020 the
1248 2981 1328 3021 last
1357 2982 1492 3022 clause
1519 2982 1653 3022 which
1679 2983 1714 3022 is
1740 2996 1840 3034 quae
1866 2987 2022 3034 repunt,
2045 2989 2125 3023 etc.
