2309 3583
783 329 874 359 THE
905 329 1025 358 TEXT
1684 329 1735 371 57

787 440 960 473 CHAPTER
984 451 1025 479 42

159 525 191 550 1.
222 510 286 550 Cf.
310 509 478 559 Quaest.
505 520 622 558 2:72:
658 507 762 548 Cum
789 508 947 547 vidisset
975 507 1093 546 Iacob
1122 507 1217 558 quia
1238 512 1331 546 sunt
1351 520 1458 546 escae
1479 508 1524 546 in
1545 508 1736 558 Aegypto.

79 591 139 628 23.
167 577 263 616 Loc.
288 587 431 625 1:171:
463 574 558 626 Ipsi
575 578 706 614 autem
723 574 971 625 ignorabant,
990 574 1086 624 quia
1105 573 1218 612 audit
1237 573 1394 623 Ioseph.

786 666 960 700 CHAPTER
984 676 1025 708 45

154 748 188 787 7.
219 737 363 775 Enarr.
420 736 463 774 in
503 736 569 775 Ps.
615 747 785 785 101215:
839 736 923 785 Ego
964 734 1148 785 praeveni
1187 740 1427 785 praeparare
1466 734 1570 772 vobis
1610 746 1737 781 escas‚·

73 803 278 854 probably
296 815 350 841 an
369 801 630 853 adaptation.

786 854 960 888 CHAPTER
983 855 1025 894 46

152 926 213 964 26.
243 924 411 974 Quaest.
445 935 588 974 1:150:
626 923 823 963 Exierunt
850 923 897 962 de
916 922 1136 973 femoribus
1161 922 1260 962 eius.
1319 934 1379 972 27.
1412 922 1476 960 De
1505 921 1583 960 civ.
1618 935 1737 970 1424:

69 990 333 1042 Septuaginta
357 990 529 1042 quinque
554 990 714 1029 animae
739 989 1017 1029 descenderunt
1041 1002 1132 1029 cum
1157 989 1274 1028 Iacob
1301 988 1347 1027 in
1373 989 1610 1039 Aegyptum.
1667 988 1733 1026 De

71 1057 327 1097 continentia
343 1070 368 1105 4
387 1057 505 1096 reads
524 1056 596 1096 the
612 1069 724 1095 same
739 1061 883 1107 except
897 1056 969 1095 the
984 1056 1103 1095 order
1118 1055 1160 1095 of
1179 1055 1251 1094 the
1266 1055 1416 1095 words:
1450 1055 1496 1093 in
1511 1055 1736 1105 Aegyptum

71 1136 162 1163 cum
188 1124 320 1163 Iacob.

784 1175 958 1209 CHAPTER
981 1185 1023 1216 47

150 1258 172 1296 3
181 1259 197 1284 1
206 1277 214 1285 .
244 1245 412 1295 Quaest.
446 1259 463 1284 1
477 1258 485 1284 :
499 1259 515 1284 1
523 1246 590 1284 62:
645 1244 847 1283 Nonnulli
886 1244 1134 1283 emendantes
1175 1243 1330 1283 habent:
1386 1243 1576 1282 Adoravit
1616 1249 1737 1293 super

71 1316 191 1363 caput
202 1311 330 1363 virgae
343 1324 451 1360 suae,
466 1311 521 1351 vel
533 1311 579 1350 in
591 1311 720 1362 capite
732 1311 860 1361 virgae
871 1324 980 1359 suae,
993 1310 1070 1350 sive
1082 1310 1128 1349 in
1140 1323 1326 1350 cacumen
1337 1309 1392 1349 vel
1403 1316 1523 1360 super
1534 1322 1735 1349 cacumen.

783 1397 957 1431 CHAPTER
980 1399 1022 1437 48

153 1481 186 1506 1.
217 1467 282 1507 Cf.
309 1467 405 1506 Loc.
437 1479 580 1517 1:203:
620 1466 764 1517 Aliqui
788 1466 937 1505 codices
962 1466 1103 1505 habent
1129 1465 1362 1514 “vexatur‚''
1390 1465 1519 1516 aliqui
1546 1464 1735 1505 “aestua-

70 1533 175 1582 tur,”
196 1538 230 1573 et
249 1533 363 1573 aliud
381 1532 468 1581 alii,
489 1539 566 1572 etc.
678 1544 712 1583 5.
742 1533 808 1571 De
835 1544 926 1571 con.
956 1545 1103 1583 evang.
1136 1545 1227 1582 2:32
1261 1533 1383 1572 Nunc
1410 1532 1541 1583 itaque
1560 1531 1647 1582 filii
1674 1532 1736 1572 tui

69 1600 160 1649 duo,
175 1599 245 1651 qui
248 1599 353 1650 facti
365 1603 459 1639 sunt
471 1599 556 1648 tibi,
571 1598 808 1650 priusquam
821 1599 873 1638 ad
886 1603 920 1638 te
933 1599 1114 1647 venirem,
1130 1599 1208 1638 mei
1221 1603 1315 1638 sunt
1328 1599 1465 1650 Efrem
1478 1603 1512 1638 et
1525 1599 1577 1637 M
1579 1611 1734 1646 anasse,

69 1670 270 1717 tamquam
284 1666 424 1705 Ruben
437 1670 471 1705 et
483 1666 657 1716 Symeon
670 1669 784 1705 erunt
797 1665 910 1704 mihi.
969 1665 1033 1705 Cf.
1051 1666 1192 1705 Sermo
1209 1667 1335 1716 51:18
1351 1665 1414 1704 for
1429 1679 1453 1704 a
1467 1665 1733 1716 paraphrase.

68 1734 105 1772 6.
136 1733 280 1772 Enarr.
300 1732 343 1771 in
362 1732 427 1771 Ps.
450 1743 516 1783 75:
531 1744 569 1770 1:
601 1731 757 1771 Caeteri
774 1732 844 1783 qui
861 1736 1081 1771 nascuntur
1098 1731 1171 1771 tibi
1189 1736 1314 1771 erunt.
1370 1732 1449 1770 Isti
1467 1736 1599 1771 autem
1617 1731 1733 1780 mihi,

68 1803 103 1839 et
125 1799 298 1838 divident
321 1803 464 1838 terram
486 1811 576 1838 cum
591 1798 789 1849 fratribus
813 1798 912 1838 suis.
970 1798 1196 1849 Evidently
1220 1812 1274 1837 an
1298 1798 1559 1849 adaptation.
1672 1812 1733 1849 19.

69 1866 134 1905 De
154 1866 232 1905 civ.
258 1867 382 1914 16:42
404 1865 524 1905 reads
543 1864 838 1905 multitudinem
858 1865 1021 1905 instead
1041 1865 1084 1904 of
1103 1865 1174 1904 the
1195 1865 1378 1904 ablative
1400 1878 1504 1904 case.

781 1952 955 1986 CHAPTER
979 1963 1022 1993 49

147 2022 184 2059 8.
216 2020 318 2060 Con.
343 2020 376 2059 F
378 2026 486 2059 aust.
506 2033 630 2068 12:42
647 2020 766 2060 reads
780 2020 942 2060 laudent
956 2020 1121 2060 instead
1135 2020 1177 2059 of
1191 2020 1425 2069 laudabunt,
1442 2021 1526 2061 and
1540 2021 1656 2060 dorsa
1671 2020 1735 2059 for

68 2087 240 2126 dorsum.
297 2087 442 2126 Enarr.
461 2087 504 2125 in
523 2087 588 2126 Ps.
611 2098 677 2137 59:
692 2099 756 2125 10:
788 2087 909 2135 Iuda,
929 2091 963 2126 te
980 2087 1201 2127 laudabunt
1210 2087 1358 2137 fratres
1376 2087 1448 2127 tui.
1559 2101 1594 2137 9.
1627 2087 1732 2127 Con.

69 2153 102 2191 F
104 2159 211 2192 aust.
237 2166 281 2192 12
295 2166 361 2201 :42
383 2153 458 2192 has
477 2153 524 2192 de
543 2153 605 2192 for
625 2166 683 2201 ex,
705 2153 788 2193 and
808 2153 880 2193 the
900 2154 1157 2193 nominative
1169 2154 1288 2204 filius
1308 2167 1417 2193 meus
1438 2154 1500 2193 for
1520 2154 1591 2192 the
1612 2167 1734 2193 voca-

68 2219 154 2258 tive
183 2219 225 2258 of
254 2219 326 2258 the
355 2225 456 2258 text.
514 2220 659 2258 Enarr.
690 2220 732 2258 in
762 2220 828 2259 Ps.
860 2222 980 2270 88:72
1024 2220 1253 2259 Ascendisti
1281 2221 1521 2269 recumbem,
1552 2220 1734 2259 dormisti

67 2285 169 2325 sicut
185 2285 255 2325 leo.
312 2285 452 2325 Sermo
470 2297 538 2336 37:
552 2299 570 2324 2
590 2286 709 2325 reads
726 2286 798 2325 the
816 2299 929 2325 same
947 2300 991 2325 as
1008 2286 1081 2325 the
1098 2287 1179 2326 last
1196 2287 1280 2326 and
1299 2287 1403 2326 adds
1420 2287 1510 2338 quis
1527 2287 1732 2326 suscitabit

68 2365 170 2392 eum.
284 2365 343 2391 10.
375 2351 477 2392 Con.
515 2352 658 2391 Faust.
699 2366 823 2401 12:42
860 2352 935 2392 has
969 2353 1090 2392 deerit
1124 2353 1187 2392 for
1222 2354 1383 2404 deficiet.
1439 2354 1548 2393 Ibid.
1588 2356 1733 2405 22:85:

68 2419 164 2458 Non
186 2418 336 2469 deficiet
357 2418 544 2469 princeps
568 2432 614 2458 ex
636 2419 756 2468 Iuda,
781 2432 904 2470 neque
926 2419 1009 2459 dux
1030 2420 1077 2459 de
1091 2420 1312 2471 femoribus
1336 2421 1434 2469 eius,
1460 2421 1581 2460 donec
1603 2421 1732 2459 veniat

68 2485 135 2525 cui
152 2485 436 2536 repromissum
454 2489 520 2525 est.
578 2485 643 2525 Cf.
666 2486 810 2525 Enarr.
833 2486 874 2524 in
894 2487 960 2525 Ps.
985 2498 1051 2537 75:
1066 2501 1099 2535 1,
1121 2487 1255 2526 which
1275 2488 1394 2527 reads
1414 2487 1486 2526 the
1506 2500 1633 2536 same,
1654 2488 1731 2526 but

66 2551 172 2591 later
191 2552 310 2591 reads
328 2552 374 2590 de
392 2552 500 2591 Iuda
519 2551 682 2592 instead
702 2552 744 2592 of
763 2566 810 2592 ex
827 2553 947 2592 Iuda.
1004 2554 1069 2592 De
1089 2553 1167 2592 civ.
1192 2556 1336 2604 18:45:
1375 2554 1495 2593 donec
1515 2554 1644 2593 veniat
1665 2553 1733 2593 cui

66 2618 283 2669 repositum
311 2622 377 2657 est.
434 2618 578 2657 Enarr.
608 2619 663 2658 in.
695 2619 761 2658 Ps.
792 2633 940 2670 44:13:
983 2620 1079 2659 Non
1107 2620 1256 2671 deficiet
1285 2621 1471 2671 princeps
1499 2621 1546 2659 de
1570 2621 1679 2660 Iuda
1698 2625 1732 2659 et

67 2685 149 2725 dux
170 2684 451 2735 defemoribus
474 2685 572 2724 eiuS.
686 2699 745 2724 11.
777 2685 880 2725 Con.
907 2686 939 2724 F
942 2692 1048 2725 aust.
1078 2700 1202 2735 12:42
1228 2687 1302 2726 has
1325 2688 1480 2726 vineam
1502 2687 1666 2726 instead
1689 2687 1732 2726 of

66 2751 192 2800 vitem,
216 2751 300 2791 and
320 2751 445 2790 omits
466 2764 574 2791 suae.
687 2765 746 2791 12.
778 2752 880 2792 Con.
906 2753 938 2791 F
941 2759 1048 2792 aust.
1077 2767 1200 2802 12:42
1226 2754 1301 2792 has
1315 2754 1512 2804 fulgentes
1534 2754 1596 2792 for
1610 2753 1730 2804 fulvi.

69 2829 130 2867 27.
161 2818 305 2857 Enarr.
327 2817 369 2855 in
390 2818 455 2856 Ps.
479 2819 545 2867 78:
559 2831 598 2856 2:
632 2818 774 2869 Lupus
793 2825 934 2870 rapax,
956 2832 1072 2859 mane
1091 2820 1267 2871 raptem,
1288 2825 1322 2859 et
1342 2821 1393 2859 ad
1412 2826 1614 2870 vesperum
1632 2820 1731 2859 divi-

66 2883 161 2923 dens
177 2897 296 2923 escas.
354 2884 494 2923 Sermo
514 2896 650 2934 279:1:
681 2898 797 2924 mane
813 2886 953 2936 rapiet,
973 2886 1025 2925 ad
1040 2892 1243 2937 vesperum
1259 2887 1402 2926 dividet
1418 2899 1538 2926 escas.

780 2971 953 3005 CHAPTER
978 2982 1020 3014 50

150 3050 209 3088 17.
238 3039 334 3077 Loc.
369 3050 467 3089 2:55
499 3038 656 3077 follows
687 3038 756 3078 the
785 3045 888 3079 text.
999 3054 1044 3079 22
1076 3042 1161 3081 and
1193 3055 1253 3092 23.
1284 3042 1453 3091 Quaest.
1489 3053 1632 3092 1:173:
1677 3042 1730 3081 Et

67 3104 163 3144 vixit
182 3105 340 3155 Ioseph,
361 3110 454 3153 etc.,
476 3105 682 3155 following
701 3105 772 3144 the
792 3112 894 3155 text,
915 3113 1060 3158 except
1080 3107 1234 3158 having
1253 3108 1305 3147 ad
1324 3108 1386 3147 for
1406 3107 1463 3147 in.
