2309 3583
451 265 506 318 36
681 274 713 306 A
743 275 892 307 STUDY
921 276 979 307 OF
1007 266 1316 309 AUGUSTINE'S
1345 279 1572 310 VERSIONS
1602 280 1660 311 OF
1690 281 1884 312 GENESIS

449 388 577 428 Iacob
598 395 640 428 et
661 390 838 441 sumpsit
857 390 1038 442 lapidem
1057 404 1181 443 quem
1200 393 1419 444 supposuit
1437 393 1494 433 ibi
1514 394 1591 434 sub
1607 401 1735 446 caput
1751 408 1884 445 suum,
1902 401 1944 434 et
1960 395 2112 435 statuit

448 455 564 494 illum
578 455 751 495 titulum
766 463 808 496 et
822 458 1054 508 superfudit
1068 459 1205 498 oleum
1218 460 1261 498 in
1276 472 1473 499 cacumen
1489 461 1587 500 eius.
1641 475 1700 512 19.
1728 462 1785 501 Et
1800 461 1969 501 vocavit
1984 462 2111 501 Iacob

449 534 600 561 nomen
617 522 695 562 loci
712 523 838 563 illius:
867 525 1029 564 Domus
1048 525 1141 565 Dei.
1197 526 1254 565 Et
1272 526 1513 566 Vlammaus
1533 533 1622 567 erat
1641 541 1792 567 nomen
1814 528 1977 567 civitati
1998 534 2109 568 ante.

1158 646 1332 680 CHAPTER
1357 658 1397 689 29

529 734 564 773 5.
595 723 741 763 Nostis
759 724 905 764 Laban
925 724 1056 764 filium
1075 725 1274 765 Nachor?
1331 738 1366 776 7.
1395 727 1543 766 Adhuc
1564 733 1626 766 est
1647 727 1732 767 dies
1752 728 1898 777 multa,
1919 727 2109 766 nondum

450 794 513 827 est
530 788 631 829 hora
650 791 923 841 congregandi
940 805 1101 842 pecora.
1156 806 1215 831 10.
1245 793 1302 832 Et
1320 793 1497 832 revolvit
1515 794 1696 845 lapidem
1713 794 1767 833 ab
1783 807 1851 833 ore
1865 794 1995 845 putei.
2049 807 2110 833 11.

450 855 507 894 Et
534 856 743 896 osculatus
772 863 835 897 est
863 858 990 897 Iacob
1020 858 1175 898 Rachel
1204 864 1248 898 et
1277 859 1510 899 exclamans
1538 873 1640 899 voce
1669 874 1743 899 sua
1772 860 1901 900 flevit.
1962 873 2022 899 12.
2053 861 2110 899 Et

446 921 648 962 indicavit
667 923 703 962 ei
724 923 822 974 quia
840 924 968 963 frater
992 922 1156 975 (patris)
1179 931 1242 964 est
1262 926 1348 965 eius
1368 932 1410 965 et
1431 926 1529 977 quia
1548 926 1656 966 filius
1678 927 1890 966 Rebeccae
1910 933 1986 966 est.
2047 940 2109 966 20.

449 988 506 1027 Et
532 989 702 1028 servivit
730 990 857 1030 Iacob
885 1004 960 1041 pro
981 991 1137 1031 Rachel
1158 992 1277 1031 annis
1297 998 1474 1043 septem;
1509 999 1552 1032 et
1573 999 1691 1032 erant
1711 993 1755 1032 in
1776 999 2001 1045 conspectu
2021 993 2111 1032 eius

447 1055 562 1094 velut
591 1056 713 1106 pauci
744 1057 830 1096 dies
859 1070 908 1096 eo
938 1057 1051 1108 quod
1082 1058 1279 1108 diligebat
1305 1058 1431 1098 illam.
1490 1061 1550 1099 26.
1580 1060 1679 1099 Non
1706 1066 1769 1099 est
1797 1061 1921 1100 moris
1948 1060 1992 1099 in
2019 1060 2109 1100 loco

447 1128 601 1171 nostro,
624 1129 671 1162 ut
693 1123 826 1162 minor
846 1124 980 1163 nubat
1000 1124 1114 1175 prius
1135 1137 1263 1176 quam
1284 1125 1426 1164 maior.
1485 1138 1546 1176 27.
1578 1125 1834 1166 Consumma
1853 1127 1998 1177 itaque
2020 1139 2111 1177 sep-

447 1188 550 1228 tima
564 1189 696 1239 istius,
712 1195 754 1228 et
769 1189 878 1229 dabo
892 1190 969 1229 tibi
984 1197 1026 1230 et
1040 1190 1147 1230 hanc
1160 1204 1236 1242 pro
1250 1204 1372 1242 opere
1387 1191 1500 1243 quod
1513 1192 1747 1243 operaberis
1762 1193 1877 1244 apud
1891 1206 1956 1232 me
1971 1192 2109 1232 adhuc

446 1260 606 1305 septem
632 1268 762 1295 annos
781 1256 894 1296 alios.
953 1259 1013 1296 28.
1044 1257 1159 1296 Fecit
1177 1263 1320 1297 autem
1337 1258 1464 1297 Iacob
1484 1259 1553 1308 sic,
1574 1264 1616 1298 et
1633 1259 1809 1310 inplevit
1827 1259 2005 1310 septima
2024 1259 2110 1298 eius

446 1327 488 1360 et
513 1321 627 1361 dedit
651 1322 708 1361 illi
734 1323 879 1362 Laban
904 1323 1060 1368 Rachel
1084 1323 1213 1363 filiam
1236 1337 1355 1364 suam
1377 1324 1456 1376 ipsi
1480 1338 1661 1365 uxorem.
1721 1339 1781 1377 29.
1813 1325 1943 1366 Dedit
1967 1331 2111 1365 autem

445 1387 590 1427 Laban
620 1389 774 1428 Rachel
803 1389 910 1429 filiae
939 1403 1037 1429 suae
1066 1390 1229 1430 Ballam
1257 1391 1450 1430 ancillam
1478 1405 1598 1431 suam
1626 1392 1662 1431 ei
1692 1392 1897 1432 ancillam.
1953 1406 2017 1443 30.
2049 1392 2106 1431 Et

444 1453 618 1494 intravit
641 1455 696 1494 ad
719 1456 874 1495 Rachel
882 1470 891 1505 ;
927 1456 1067 1496 dilexit
1091 1463 1234 1496 autem
1258 1458 1413 1497 Rachel
1434 1458 1564 1509 magis
1585 1472 1714 1510 quam
1733 1458 1854 1499 Liam
1874 1465 1916 1499 et
1936 1458 2109 1498 servivit

444 1520 500 1559 illi
520 1527 681 1572 septem
701 1535 831 1562 annos
851 1523 966 1562 alios.

1153 1589 1327 1622 CHAPTER
1350 1600 1394 1631 30

527 1679 560 1705 1.
591 1666 647 1705 Et
665 1667 816 1706 zelavit
835 1667 990 1707 Rachel
1009 1682 1189 1708 sororem
1207 1682 1338 1708 suam.
1395 1683 1432 1718 4.
1463 1670 1519 1709 Et
1538 1669 1652 1710 dedit
1670 1670 1727 1709 illi
1747 1671 1894 1710 Ballan
1913 1670 2109 1710 ancillam

444 1744 562 1771 suam
591 1733 669 1783 ipsi
700 1747 880 1773 uxorem.
940 1749 1000 1774 11.
1030 1735 1163 1774 Beata
1197 1733 1279 1784 (vel
1310 1734 1422 1785 felix)
1456 1736 1568 1776 facta
1600 1750 1706 1776 sum.
1766 1749 1827 1788 15.
1858 1738 2013 1777 Parum
2044 1742 2107 1776 est

443 1798 534 1848 tibi,
559 1799 672 1850 quod
694 1801 831 1840 virum
855 1814 994 1840 meum
1017 1802 1224 1853 accepisti,
1248 1803 1415 1854 insuper
1439 1809 1481 1842 et
1506 1804 1818 1855 mandragorica
1842 1804 1914 1843 filii
1939 1804 2019 1843 mei
2042 1803 2107 1843 vis

443 1865 658 1917 accipere?
716 1869 776 1907 16.
805 1868 873 1907 Ad
898 1881 964 1907 me
987 1868 1179 1918 intrabis;
1220 1870 1398 1909 conduxi
1424 1870 1534 1909 enim
1557 1876 1601 1909 te
1625 1884 1700 1921 pro
1726 1871 2010 1922 mandragoris
2035 1870 2108 1910 filii

443 1933 536 1972 mei.
595 1945 655 1984 27.
686 1934 727 1974 Si
751 1934 891 1974 inveni
914 1935 1094 1986 gratiam
1118 1942 1216 1975 ante
1239 1942 1296 1986 te,
1322 1943 1550 1987 auguratus
1575 1950 1722 1977 essem:
1761 1938 1972 1978 benedixit
1997 1937 2108 1977 enim

443 2012 509 2038 me
536 2000 651 2040 Deus
678 2001 721 2040 in
747 2001 923 2041 introitu
949 2008 1037 2042 tuo.
1093 2016 1156 2053 30.
1188 2003 1244 2042 Et
1271 2003 1481 2043 benedixit
1508 2010 1551 2043 te
1579 2004 1771 2044 dominus
1797 2005 1840 2044 in
1867 2005 1973 2056 pede
2000 2017 2105 2044 meo.

442 2066 567 2106 Nunc
602 2080 696 2118 ergo
733 2068 902 2119 quando
936 2069 1088 2108 faciam
1123 2075 1165 2109 et
1201 2083 1275 2120 ego
1310 2070 1411 2109 mihi
1447 2070 1650 2110 domum?
1705 2084 1768 2122 33.
1798 2071 2006 2111 Exaudiet
2041 2084 2107 2110 me

441 2132 601 2173 iustitia
621 2147 712 2174 mea
730 2135 773 2174 in
793 2135 858 2175 die
878 2136 1075 2175 crastino:
1112 2149 1176 2185 42.
1207 2137 1314 2187 Quia
1335 2150 1430 2176 cum
1448 2138 1715 2188 peperissent,
1737 2151 1821 2177 non
1840 2139 2038 2190 ponebat.

1154 2245 1329 2279 CHAPTER
1352 2257 1392 2287 31

523 2334 557 2361 2.
587 2322 644 2361 Et
666 2322 774 2362 vidit
794 2323 923 2363 Iacob
944 2323 1093 2363 faciem
1115 2324 1274 2374 Laban,
1297 2330 1340 2365 et
1362 2338 1455 2365 ecce
1476 2338 1560 2365 non
1582 2331 1672 2365 erat
1694 2326 1748 2366 ad
1770 2339 1866 2366 eum
1887 2326 1994 2367 sicut
2015 2326 2106 2367 hes-

441 2392 562 2427 terna
591 2394 633 2428 et
664 2389 1000 2429 nudiustertiana
1030 2390 1108 2430 die.
1167 2403 1201 2441 7.
1232 2392 1289 2430 Et
1319 2391 1504 2431 mutavit
1534 2392 1765 2432 mercedem
1795 2406 1933 2433 meam
1963 2393 2105 2434 decem

441 2466 655 2505 agnarum.
715 2470 775 2495 10.
805 2457 862 2496 Et
885 2456 972 2496 vidi
996 2457 1124 2497 oculis
1148 2457 1250 2497 meis
1273 2458 1316 2497 in
1341 2471 1498 2498 somno.
1558 2473 1618 2509 13.
1649 2460 1738 2510 Ego
1762 2473 1855 2499 sum
1879 2460 2007 2509 Deus,
2033 2459 2106 2511 qui

440 2521 616 2572 adparui
650 2521 727 2561 tibi
759 2522 802 2561 in
835 2523 925 2562 loco
957 2523 1049 2563 Dei.
1108 2537 1169 2574 29.
1200 2524 1265 2564 Cf.
1292 2525 1438 2564 Notes.
1495 2539 1558 2575 30.
1589 2525 1726 2575 Quare
1750 2526 1914 2566 furatus
1939 2540 1981 2566 es
2007 2527 2105 2566 deos

439 2589 584 2627 meos?
639 2602 703 2639 31.
733 2589 1005 2640 Respondens
1034 2596 1177 2629 autem
1206 2591 1332 2630 Iacob
1363 2591 1467 2630 dixit
1497 2592 1551 2630 ad
1579 2592 1738 2641 Laban,
1770 2592 1854 2632 dixi
1882 2592 2009 2632 enim:
2053 2606 2105 2632 ne

439 2653 547 2693 forte
566 2655 729 2694 auferas
747 2655 853 2695 filias
871 2662 966 2695 tuas
985 2669 1010 2695 a
1029 2670 1095 2696 me
1113 2663 1156 2696 et
1174 2657 1314 2696 omnia
1333 2671 1437 2697 mea.
1494 2671 1557 2709 33.
1588 2659 1772 2698 Intravit
1795 2665 1937 2699 autern
1957 2659 2104 2699 Laban

439 2726 482 2760 et
515 2721 770 2761 inscrutatus
798 2728 861 2762 est
888 2723 931 2761 in
959 2723 1084 2762 domo
1110 2723 1222 2763 Liae.
1278 2736 1341 2774 37.
1371 2724 1478 2774 Quia
1506 2731 1717 2765 scrutatus
1745 2732 1808 2765 est
1835 2726 1975 2766 omnia
2002 2739 2104 2766 vasa

439 2787 587 2827 domus
612 2802 740 2828 meae.
795 2802 859 2838 41.
890 2790 946 2829 Et
972 2790 1171 2841 decepisti
1196 2791 1427 2830 mercedem
1453 2805 1589 2831 meam
1615 2792 1757 2832 decern
1783 2794 1981 2843 agnabus.
2036 2806 2101 2842 42.

439 2853 532 2893 Nisi
563 2855 679 2894 Deus
710 2855 842 2906 patris
874 2856 955 2896 mei
987 2857 1201 2896 Abraham
1233 2862 1276 2896 et
1308 2857 1433 2897 timor
1464 2859 1584 2897 Isaac
1616 2865 1723 2898 esset
1755 2859 1870 2908 mihi,
1901 2872 2012 2898 nunc
2036 2872 2103 2899 me

437 2919 603 2959 inanem
629 2921 863 2962 dimisisses.
919 2934 983 2974 45.
1013 2923 1170 2963 Sumsit
1195 2929 1338 2963 autem
1359 2925 1487 2964 Iacob
1507 2925 1689 2976 lapidem
1708 2931 1750 2965 et
1769 2925 1988 2965 constituit
2008 2939 2103 2965 eum

439 2986 622 3027 titulum.
678 2991 742 3036 48.
778 2989 978 3029 Testatur
1015 3002 1187 3029 acervus
1224 2990 1291 3029 hic
1329 2996 1371 3030 et
1409 2997 1591 3031 testatur
1628 2992 1776 3031 titulus
1808 2991 1891 3041 hic;
1931 2999 2103 3044 propter
