2309 3583
457 286 513 324 40
689 282 721 312 A
750 282 899 313 STUDY
928 282 986 313 OF
1014 270 1322 313 AUGUSTINE'S
1352 282 1579 313 VERSIONS
1609 282 1666 313 OF
1697 282 1891 313 GENESIS

459 410 519 446 13.
576 396 753 435 Factum
781 402 844 435 est
872 402 1027 445 autem,
1058 397 1164 436 sicut
1193 396 1452 447 comparavit
1486 396 1618 446 nobis,
1648 396 1708 436 ita
1738 402 1780 436 et
1809 396 1996 447 contigit.
2057 410 2118 447 19.

455 462 605 512 Quales
627 475 856 514 numquam
877 463 963 502 vidi
984 463 1088 502 tales
1108 463 1151 501 in
1172 468 1264 502 tota
1285 469 1395 502 terra
1415 463 1595 514 Aegypti
1616 463 1831 514 turpiores.
1898 476 1959 502 21.
1989 463 2119 501 Exur-

454 541 554 579 gens
580 534 723 568 autem
750 528 958 568 dormivit.
1016 541 1075 580 25.
1105 529 1273 579 Quanta
1301 530 1415 568 Deus
1442 529 1542 568 facit
1569 529 1752 569 ostendit
1779 529 1996 568 Pharaoni.
2057 531 2118 568 26.

457 595 625 646 Septem
665 596 800 647 spicae
841 602 1001 647 septem
1040 596 1139 634 anni
1179 602 1288 635 sunt.
1350 609 1414 646 30.
1448 593 1538 644 (Et)
1581 596 1875 635 obliviscentur
1916 596 2120 635 ubertatis

455 661 622 701 futurae
650 662 692 701 in
714 668 806 701 tota
828 668 938 701 terra
960 662 1152 713 Aegypti.
1215 663 1271 701 Et
1293 668 1507 701 consumet
1529 662 1660 701 fames
1682 668 1847 701 terram.
1903 675 1966 712 33.
1996 662 2039 701 N
2041 674 2121 701 unc

456 741 551 779 ergo
565 729 736 779 provide
750 729 960 768 hominem
973 729 1221 779 prudentem
1236 734 1277 768 et
1292 728 1589 778 intelligentem
1604 734 1646 767 et
1661 728 1866 767 constitue
1887 741 1982 767 eum
1997 741 2118 778 super

458 800 612 834 terram
635 795 815 846 Aegypti
824 809 833 844 ;
878 808 941 845 34.
972 795 1027 834 Et
1052 794 1178 834 iaciat
1204 794 1365 834 Pharao
1390 801 1431 834 et
1457 795 1686 834 constituat
1710 794 1893 833 locorum
1916 794 2121 845 principes

457 874 579 912 super
603 867 769 901 terram.
831 875 853 912 3
861 873 894 912 5.
925 862 981 900 Et
1006 867 1273 911 congregetur
1297 861 1483 900 triticum
1507 861 1583 900 sub
1609 873 1736 899 manu
1761 860 2000 899 Pharaonis.
2055 862 2120 911 38.

457 928 676 979 Numquid
702 928 958 967 inveniemus
986 927 1195 966 hominem
1223 927 1363 975 talem,
1393 927 1464 978 qui
1497 926 1625 966 habet
1654 927 1845 977 spiritum
1873 927 1952 965 Dei
1980 927 2023 965 in
2048 927 2122 966 se?

457 1007 520 1042 40.
560 995 719 1034 Tamen
760 994 958 1033 thronum
998 993 1243 1044 praecedam
1283 993 1346 1032 tui
1387 1006 1474 1044 ego.
1537 1006 1599 1041 44.
1641 993 1729 1043 Ego
1761 993 1935 1042 Pharao,
1968 993 2055 1032 sine
2079 999 2122 1032 te

457 1073 579 1100 nemo
614 1061 781 1100 extollet
816 1073 988 1099 manum
1023 1073 1141 1099 suam
1176 1073 1297 1110 super
1332 1072 1497 1098 omnem
1532 1065 1686 1098 terram
1717 1059 1909 1110 Aegypti.
1965 1071 2029 1110 45.
2066 1060 2124 1099 Et

456 1127 656 1178 imposuit
673 1127 835 1166 Pharao
851 1139 1002 1165 nomen
1018 1126 1169 1177 Ioseph
1187 1125 1620 1176 Psonthomphanech.
1683 1126 1739 1164 Et
1756 1125 1871 1165 dedit
1888 1125 1924 1164 ei
1940 1125 2123 1165 Aseneth

457 1194 586 1233 filiam
609 1193 838 1244 Petephrae
861 1192 1086 1232 sacerdotis
1110 1192 1212 1232 Solis
1236 1192 1419 1231 civitatis
1441 1192 1519 1242 ipsi
1543 1205 1723 1231 uxorem.
1785 1205 1848 1242 49.
1878 1192 1935 1231 Et
1959 1205 2124 1243 congre-

457 1260 574 1311 gavit
602 1259 751 1311 Ioseph
770 1259 955 1298 triticum
985 1259 1090 1298 sicut
1120 1271 1287 1298 arenam
1322 1258 1446 1298 maris
1480 1258 1660 1297 multum
1689 1258 1822 1307 valde,
1853 1258 2124 1310 quoadusque

459 1340 541 1366 non
562 1327 701 1378 potuit
722 1326 943 1374 numerari;
980 1317 1063 1365 non
1084 1325 1193 1364 enim
1214 1330 1303 1364 erat
1324 1338 1530 1364 numerus.

1173 1445 1348 1479 CHAPTER
1370 1456 1412 1486 42

541 1540 574 1566 1.
602 1526 755 1566 Videns
788 1531 929 1565 autem
962 1525 1102 1574 Iacob,
1137 1525 1234 1576 quia
1267 1531 1330 1564 est
1362 1525 1548 1565 venditio
1580 1525 1623 1564 in
1656 1525 1861 1576 Aegypto,
1896 1525 1999 1565 dixit
2032 1525 2124 1565 filiis

459 1593 560 1633 suis:
590 1593 725 1643 Quare
742 1605 884 1643 segnes
900 1592 1029 1631 estis?
1087 1605 1121 1631 2.
1152 1592 1257 1631 Ecce
1272 1591 1428 1641 audivi,
1445 1591 1558 1642 quod
1578 1597 1640 1631 est
1656 1591 1842 1631 venditio
1856 1591 1899 1630 in
1914 1592 2125 1643 Aegypto:

458 1659 582 1699 emite
608 1659 727 1699 nobis
752 1659 922 1710 pusillas
948 1671 1074 1707 escas,
1103 1664 1150 1697 ut
1177 1658 1369 1697 vivamus
1396 1664 1438 1697 et
1464 1671 1547 1697 non
1574 1658 1810 1697 moriamur.
1873 1672 1909 1708 9.
1940 1658 1996 1697 Et
2014 1671 2125 1697 com-

459 1732 713 1765 memoratus
738 1731 800 1764 est
824 1725 975 1776 Ioseph
1000 1725 1254 1764 somniorum
1277 1737 1458 1774 suorum,
1480 1737 1586 1775 quae
1606 1724 1713 1764 vidit
1730 1724 1830 1775 ipse.
1890 1738 1950 1764 11.
1979 1724 2126 1764 Pacati

456 1805 615 1841 sumus;
658 1805 742 1831 non
771 1798 868 1831 sunt
896 1791 1012 1842 pueri
1040 1791 1103 1830 tui
1132 1791 1422 1842 exploratores.
1483 1804 1542 1842 13.
1572 1791 1806 1831 Duodecim
1834 1804 1976 1830 sumus
2004 1791 2122 1842 pueri

459 1859 522 1898 tui
539 1859 688 1898 iratres
705 1859 748 1897 in
765 1864 876 1897 terra
895 1858 1110 1898 Chanaan.
1170 1871 1229 1906 14.
1260 1858 1352 1896 Hoc
1371 1863 1433 1896 est
1452 1857 1564 1908 quod
1582 1857 1665 1897 dixi
1682 1857 1803 1897 vobis
1821 1857 1977 1897 dicens:
2010 1857 2125 1909 quod

459 1926 737 1976 exploratores
769 1925 880 1964 estis.
939 1936 999 1976 15.
1029 1925 1127 1964 Non
1160 1924 1323 1964 exibitis
1360 1924 1468 1973 hinc,
1500 1924 1577 1963 nisi
1614 1924 1775 1963 venerit
1811 1924 1940 1963 frater
1972 1930 2122 1964 vester.

462 1994 521 2032 16.
579 1991 744 2031 Mittite
770 2005 818 2030 ex
843 1991 963 2031 vobis
989 2004 1119 2030 unum
1145 1997 1187 2030 et
1213 1990 1407 2030 adducite
1434 1990 1605 2030 fratrem
1631 1996 1835 2039 vestrum;
1876 2004 1952 2030 vos
1979 1996 2124 2030 autem

457 2058 733 2107 abducemini,
748 2058 1018 2109 quoadusque
1031 2057 1252 2096 manifesta
1264 2057 1347 2096 sint
1359 2057 1487 2097 verba
1499 2062 1638 2096 vestra
1651 2057 1684 2096 si
1697 2070 1795 2096 vera
1808 2056 1944 2096 dicitis
1958 2070 2011 2096 an
2024 2070 2124 2106 non3

457 2125 520 2164 sin
546 2131 701 2173 autem,
727 2138 800 2175 per
826 2124 1004 2164 salutem
1030 2124 1270 2173 Pharaonis,
1301 2121 1413 2172 (nisi)
1443 2123 1720 2174 exploratores
1747 2123 1857 2163 estis.
1918 2137 1978 2174 19.
2035 2123 2123 2174 Ipsi

458 2205 556 2231 vero
570 2191 628 2230 ite
643 2197 684 2230 et
700 2191 838 2230 ducite
853 2191 1107 2241 emptionem
1121 2190 1248 2229 tritici
1263 2190 1402 2229 vestri.
1467 2203 1527 2229 22.
1558 2190 1708 2229 Nonne
1722 2190 1885 2229 locutus
1899 2203 1991 2229 sum
2005 2189 2124 2229 vobis

460 2258 617 2297 dicens:
659 2258 725 2297 Ne
745 2257 929 2296 noceatis
950 2270 1091 2308 puero,
1114 2263 1156 2296 et
1177 2270 1261 2296 non
1281 2256 1506 2296 exaudistis
1527 2270 1606 2296 me.
1664 2270 1725 2307 23.
1754 2257 1841 2308 Ipsi
1861 2256 2124 2307 ignorabant,

461 2324 559 2375 quia
586 2324 784 2364 audiebat
811 2324 978 2375 Ioseph3
1020 2324 1221 2374 interpres
1247 2323 1357 2362 enim
1383 2323 1491 2362 inter
1517 2323 1607 2362 illos
1634 2329 1737 2362 erat.
1802 2336 1862 2372 24.
1892 2324 1949 2362 Et
1974 2323 2127 2362 iterum

459 2391 632 2430 accessit
659 2391 714 2430 ad
741 2404 810 2429 eos
837 2396 879 2430 et
907 2390 1010 2430 dixit
1037 2390 1127 2429 illis.
1190 2403 1253 2440 32·
1283 2389 1516 2429 Duodecim
1544 2403 1686 2429 sumus
1713 2390 1874 2439 fratres,
1898 2389 1969 2429 filii
1993 2389 2125 2441 patris

459 2457 589 2496 nostri
598 2471 607 2506 3
648 2470 755 2496 unus
782 2470 865 2496 non
891 2463 967 2505 est,
994 2457 1166 2508 pusillus
1191 2462 1335 2495 autem
1367 2469 1462 2495 cum
1486 2462 1606 2507 patre
1632 2462 1774 2495 nostro
1799 2456 1922 2496 hodie
1946 2456 1989 2495 in
2015 2462 2125 2495 terra

461 2524 676 2564 Chanaan.
732 2537 796 2574 34.
827 2524 883 2562 Et
900 2523 943 2562 in
957 2529 1068 2562 terra
1083 2523 1334 2562 mercamini.
1382 2536 1404 2573 3
1411 2535 1446 2573 5.
1476 2523 1533 2561 Et
1548 2529 1637 2562 erat
1652 2523 1972 2574 uniuscuiusque
1986 2523 2126 2573 alliga-

459 2596 554 2630 tura
573 2590 732 2641 argenti
749 2591 792 2629 in
810 2603 928 2629 sacco
946 2603 1100 2629 eorum.
1157 2591 1220 2640 36.
1251 2590 1380 2640 Super
1398 2602 1463 2628 me
1481 2589 1594 2629 facta
1612 2595 1710 2628 sunt
1727 2589 1867 2629 omnia
1884 2589 1997 2628 haec.
2059 2590 2124 2639 38.

462 2658 519 2696 Et
539 2657 752 2697 deducetis
771 2662 983 2696 senectam
1002 2669 1139 2695 meam
1158 2669 1253 2695 cum
1272 2656 1444 2695 tristitia
1463 2656 1518 2695 ad
1537 2656 1757 2695 infernum.

1176 2776 1351 2810 CHAPTER
1374 2787 1416 2817 43

539 2870 576 2907 3.
605 2857 677 2896 Ait
694 2863 836 2896 autem
851 2857 908 2896 illi
924 2856 1051 2896 Iudas
1068 2856 1223 2896 dicens:
1256 2868 1290 2906 7.
1320 2856 1587 2906 Interrogans
1608 2856 1878 2906 interrogavit
1894 2868 1968 2894 nos
1983 2855 2122 2895 homo.

461 2925 497 2962 8.
528 2923 657 2963 Mitte
676 2937 852 2974 puerum
872 2936 1046 2972 mecum,
1068 2929 1110 2961 et
1131 2928 1342 2972 surgentes
1367 2922 1532 2971 ibimus,
1550 2928 1597 2962 ut
1612 2922 1804 2962 vivamus
1822 2927 1865 2961 et
1879 2935 1963 2961 non
1979 2921 2126 2961 moria-

464 3002 556 3028 mur
581 2996 622 3028 et
647 3003 722 3029 nos
741 2996 782 3029 et
801 2996 850 3029 tu
869 2996 910 3029 et
931 2989 1166 3029 substantia
1186 2995 1340 3028 nostra.
1405 2990 1465 3028 16.
1495 2989 1665 3028 Mecum
1683 2989 1793 3028 enim
1812 2988 2127 3028 manducabunt
