2309 3583
864 290 956 320 THE
986 290 1107 319 TEXT
1767 292 1787 320 2
1797 293 1814 319 1

159 407 272 458 quod
301 411 362 445 est
391 405 434 444 in
463 405 598 444 medio
626 404 820 455 paradisi,
851 403 955 443 dixit

160 474 292 512 Deus:
344 472 443 511 Non
481 471 611 511 edetis
649 484 698 509 ex
735 483 783 509 eo
821 483 954 520 neque

161 537 340 588 tangetis
380 537 482 577 illud
523 550 573 576 ne
614 536 859 575 moriamini.
915 549 952 584 4.

160 604 216 643 Et
261 603 364 643 dixit
410 616 575 654 serpens
620 603 796 642 mulieri:
857 603 954 642 Non

161 664 294 709 morte
313 670 557 718 moriemini;
596 681 631 720 5.
662 669 825 709 Sciebat
844 669 953 708 enim

160 737 288 785 Deus,
314 736 509 787 quoniam
534 749 616 786 qua
641 736 706 775 die
730 735 954 775 manduca-

156 802 299 841 veritis
353 803 404 842 de
458 815 506 841 eo
553 802 789 853 aperientur
836 802 954 841 vobis

159 869 264 907 oculi
279 874 321 907 et
335 869 447 908 eritis
461 874 680 920 tamquam
695 868 763 917 dii,
780 869 954 908 scientes

156 935 312 974 bonum
327 941 369 974 et
384 935 552 974 malurn.
606 937 643 974 6.
673 936 729 974 Et
744 935 850 974 Vidit
866 948 954 974 mu-

155 1001 240 1050 lier,
256 1001 352 1052 quia
366 1002 522 1041 bonum
536 1002 692 1052 lignum
706 1001 748 1040 in
763 1014 898 1040 escam
913 1007 955 1041 et

159 1067 256 1118 quia
267 1068 403 1118 placet
416 1068 543 1107 oculis
554 1068 693 1108 videre
706 1074 747 1107 et
760 1069 954 1108 decorum

156 1139 219 1173 est
233 1147 485 1184 cognoscere.
516 1136 572 1174 Et
581 1148 746 1174 sumens
756 1135 806 1174 de
815 1135 954 1175 fructu

156 1200 242 1240 eius
258 1200 345 1240 edit
362 1207 403 1240 et
419 1201 534 1241 dedit
550 1207 591 1240 et
606 1201 696 1240 viro
711 1214 784 1240 suo
801 1214 953 1249 secum,

156 1272 198 1306 et
215 1267 401 1307 ederunt.
451 1279 486 1318 7.
517 1268 572 1307 Et
588 1268 721 1318 aperti
734 1274 832 1307 sunt
847 1268 953 1307 oculi

155 1334 386 1383 amborum,
435 1341 477 1373 et
535 1341 807 1384 agnoverunt,
857 1335 954 1386 quia

156 1400 256 1439 nudi
275 1406 409 1449 erant;
444 1407 485 1440 et
505 1407 752 1440 consuerant
770 1401 868 1440 folia
887 1401 953 1441 fici

156 1472 198 1505 et
242 1467 428 1506 fecerunt
474 1467 551 1506 sibi
597 1468 857 1518 campestria.
915 1471 951 1508 8.

157 1533 212 1572 Et
242 1534 463 1573 audierunt
494 1547 638 1573 vocem
669 1534 840 1573 Domini
873 1535 953 1574 Dei

156 1600 460 1639 deambulantis
488 1600 530 1639 in
558 1601 751 1651 paradiso
779 1601 833 1640 ad
861 1615 952 1641 ves-

154 1679 297 1716 peram
329 1673 371 1705 et
403 1667 710 1706 absconderunt
743 1680 785 1706 se
816 1668 954 1707 Adam

155 1739 197 1771 et
222 1733 366 1772 mulier
390 1733 475 1772 eius
499 1746 524 1772 a
547 1733 652 1772 facie
677 1733 847 1773 Domini
873 1734 953 1773 Dei

154 1799 196 1838 in
246 1799 381 1839 medio
430 1799 528 1850 ligni
577 1800 770 1851 paradisi.
827 1815 864 1851 9.
896 1802 952 1841 Et

155 1866 323 1905 vocavit
356 1867 562 1906 Dominus
595 1867 710 1906 Deus
742 1867 879 1907 Adam
911 1873 954 1907 et

155 1933 258 1972 dixit
282 1933 357 1972 illi:
397 1934 533 1973 Adam
558 1933 629 1973 ubi
655 1935 749 1974 est?
807 1948 867 1974 10.
898 1935 954 1974 Et

157 2000 260 2039 dixit
313 2000 366 2039 ei:
433 2001 587 2040 Vocem
639 2006 759 2040 tuam
811 2001 954 2041 audivi

157 2066 461 2106 deambulantis
484 2066 527 2105 in
550 2067 742 2118 paradiso
766 2073 808 2106 et
832 2068 954 2107 timui

156 2133 253 2183 quia
281 2133 416 2173 nudus
443 2146 549 2184 sum,
578 2139 619 2173 et
646 2134 846 2174 abscondi
874 2147 952 2174 me.

159 2213 218 2238 11.
250 2200 304 2238 Et
340 2200 443 2239 dixit
477 2200 552 2239 illi:
602 2200 702 2250 Quis
738 2201 952 2241 nuntiavit

155 2266 232 2305 tibi
274 2266 371 2317 quia
413 2266 549 2306 nudus
582 2280 638 2316 es,
674 2267 750 2306 nisi
785 2280 810 2306 a
844 2268 954 2318 ligno

157 2333 268 2383 quod
296 2345 583 2383 praeceperam
610 2333 688 2373 tibi
715 2339 884 2373 tantum
903 2348 955 2374 ne

159 2412 206 2437 ex
241 2412 288 2437 eo
323 2399 592 2439 manducares
627 2400 680 2439 ab
716 2413 764 2439 eo
798 2401 953 2440 edisti?

160 2479 219 2504 12.
250 2466 304 2504 Et
325 2466 427 2505 dixit
445 2466 599 2506 Adam:
636 2467 802 2517 Mulier,
827 2481 954 2518 quam

157 2532 306 2572 dedisti
337 2545 512 2580 mecum,
538 2532 641 2572 haec
664 2533 766 2572 mihi
791 2534 906 2574 dedit
929 2548 954 2574 a

158 2599 280 2649 ligno,
304 2604 345 2637 et
366 2599 444 2638 edi.
504 2613 563 2650 13.
620 2600 675 2639 Et
690 2600 794 2640 dixit
809 2601 954 2640 Domi-

156 2679 233 2704 nus
254 2666 368 2704 Deus
381 2666 556 2705 mulieri:
584 2666 684 2717 quid
696 2666 774 2706 hoc
787 2667 920 2707 fecisti
935 2669 953 2707 ?

156 2733 212 2771 Et
243 2732 346 2772 dixit
378 2732 538 2771 mulier:
584 2733 758 2784 Serpens
789 2734 954 2774 seduxit

159 2811 224 2837 me
263 2804 304 2838 et
342 2799 604 2838 manducavi.
664 2813 723 2848 14.
754 2801 810 2839 Et
849 2801 954 2840 dixit

157 2865 362 2904 Dominus
414 2866 528 2904 Deus
580 2866 777 2916 serpenti:
846 2867 954 2917 Quia

156 2931 289 2971 fecisti
306 2931 397 2981 hoc,
417 2931 659 2971 maledictus
677 2938 725 2971 tu
748 2933 801 2972 ab
824 2933 954 2972 omni-

155 2998 233 3037 bus
286 2998 503 3049 pecoribus
559 3004 601 3038 et
655 2999 708 3038 ab
763 3000 954 3039 omnibus

1023 416 1060 453 3.
1089 403 1126 441 A
1152 403 1290 442 fructu
1319 409 1461 442 autem
1489 404 1585 453 ligni
1614 404 1726 455 quod
1754 410 1816 443 est

1022 469 1065 507 in
1098 469 1234 508 medio
1268 470 1447 520 paradisi
1482 470 1584 509 dixit
1619 471 1733 509 Deus
1768 483 1818 508 ne

1022 535 1205 584 edamus,
1237 535 1308 574 sed
1338 548 1469 586 neque
1499 541 1734 586 tangamus,
1766 549 1817 575 ne

1024 602 1259 641 moriamur.
1369 615 1406 649 4.
1437 602 1492 640 Et
1521 602 1623 641 dixit
1652 616 1816 653 serpens

1025 668 1200 707 mulieri:
1258 669 1356 708 Non
1400 674 1531 707 morte
1575 669 1815 707 moriemini.

1025 745 1059 784 5.
1090 734 1256 774 Sciebat
1295 734 1404 773 enim
1444 735 1558 773 Deus
1598 735 1694 785 quia
1735 748 1817 785 qua

1023 800 1088 839 die
1121 800 1469 840 manducaveritis
1503 814 1551 839 ex
1579 800 1660 849 illo,
1690 801 1820 851 aperi-

1023 872 1144 905 entur
1179 867 1284 906 oculi
1319 867 1459 915 vestri,
1489 872 1530 905 et
1565 867 1678 905 eritis
1714 867 1819 905 sicut

1023 933 1091 982 dii,
1119 933 1292 972 scientes
1317 933 1473 972 bonum
1495 939 1536 972 et
1557 933 1724 972 malum.
1781 935 1817 972 6.

1022 1000 1079 1038 Et
1099 1000 1205 1039 vidit
1224 1000 1369 1039 mulier
1388 1000 1486 1051 quia
1500 1000 1657 1039 bonum
1672 1005 1734 1038 est
1750 999 1820 1049 lig-

1023 1079 1123 1105 num
1146 1066 1189 1105 in
1213 1079 1362 1115 escam,
1387 1072 1430 1105 et
1454 1066 1551 1117 quia
1575 1067 1731 1106 bonurn
1756 1072 1818 1105 est

1023 1133 1150 1172 oculis
1176 1133 1230 1173 ad
1256 1133 1482 1173 videndum
1508 1138 1550 1172 et
1576 1145 1820 1183 cognoscen-

1023 1199 1140 1238 dum:
1175 1206 1216 1239 et
1237 1200 1413 1251 sumpsit
1433 1200 1616 1238 fructum
1637 1199 1687 1239 de
1708 1199 1818 1249 ligno

1021 1266 1103 1315 illo,
1133 1272 1175 1305 et
1203 1266 1486 1314 manducavit,
1516 1272 1558 1305 et
1587 1266 1702 1306 dedit
1730 1266 1820 1305 viro

1022 1346 1114 1382 suo;
1147 1339 1188 1372 et
1206 1333 1365 1384 accepit
1382 1333 1519 1372 Adam
1536 1339 1577 1372 et
1596 1332 1819 1372 manduca-

1022 1400 1102 1439 vit:
1139 1411 1174 1450 7.
1204 1400 1260 1439 Et
1280 1400 1413 1451 aperti
1429 1406 1525 1439 sunt
1541 1400 1647 1439 oculi
1664 1412 1818 1448 eorum,

1022 1472 1064 1505 et
1092 1472 1193 1506 tunc
1222 1467 1402 1506 scierunt
1431 1467 1528 1517 quia
1558 1466 1658 1506 nudi
1687 1472 1819 1515 erant,

1022 1539 1064 1572 et
1103 1539 1367 1584 sumpserunt
1406 1533 1483 1572 sibi
1522 1533 1620 1572 folia
1659 1533 1738 1581 fici,
1778 1539 1820 1571 et

1021 1599 1207 1638 fecerunt
1238 1600 1316 1639 sibi
1350 1599 1632 1639 succinctoria.
1698 1601 1734 1638 8.
1764 1599 1820 1638 Et

1022 1679 1118 1705 cum
1144 1666 1357 1706 audissent
1382 1679 1527 1705 vocem
1554 1666 1724 1705 Domini
1751 1665 1819 1705 de-

1022 1733 1275 1772 ambulantis
1317 1733 1359 1772 in
1400 1733 1592 1784 paradiso
1634 1732 1689 1772 ad
1731 1745 1820 1771 ves-

1020 1812 1162 1850 peram
1194 1799 1502 1840 absconderunt
1535 1813 1576 1838 se
1609 1799 1745 1839 Adam
1777 1805 1820 1838 et

1021 1866 1166 1905 mulier
1204 1866 1289 1906 eius
1328 1867 1380 1906 ab
1421 1872 1519 1906 ante
1553 1866 1701 1905 faciem
1735 1866 1821 1904 Do-

1021 1933 1122 1972 mini
1155 1933 1247 1982 Dei,
1277 1933 1331 1972 ad
1358 1933 1471 1972 illam
1499 1933 1686 1973 arborem
1714 1945 1820 1983 quae

1023 2005 1112 2039 erat
1159 2000 1202 2038 in
1250 2000 1385 2039 medio
1433 1999 1637 2051 paradiso.
1694 2013 1730 2049 9.
1761 1999 1817 2037 Et

1022 2066 1191 2105 vocavit
1220 2067 1425 2106 Dominus
1454 2067 1569 2105 Deus
1598 2066 1746 2113 Adam,
1776 2071 1818 2104 et

1022 2133 1126 2172 dixit
1150 2133 1225 2172 illi:
1265 2133 1414 2182 Adam,
1442 2133 1513 2173 ubi
1538 2134 1611 2172 es?
1670 2146 1729 2171 10.
1760 2132 1816 2171 Et

1022 2199 1126 2239 dixit
1165 2200 1249 2239 ille:
1305 2200 1458 2240 Vocem
1499 2206 1618 2239 tuam
1659 2198 1814 2246 audivi,

1022 2267 1215 2316 Domine,
1264 2267 1306 2306 in
1353 2266 1558 2318 paradiso,
1607 2272 1649 2306 et
1697 2265 1818 2305 timui

1022 2339 1064 2372 et
1091 2333 1289 2373 abscondi
1316 2346 1395 2382 me,
1424 2334 1521 2384 quia
1547 2333 1684 2372 nudus
1711 2345 1815 2371 sum.

1028 2413 1087 2439 11.
1118 2401 1174 2439 Et
1196 2400 1299 2440 dixit
1321 2400 1527 2439 Dominus
1549 2401 1680 2439 Deus:
1718 2399 1818 2449 Quis

1022 2467 1235 2506 nuntiavit
1286 2467 1375 2516 tibi,
1427 2467 1525 2518 quia
1576 2466 1711 2506 nudus
1761 2479 1816 2514 es,

1022 2533 1099 2573 nisi
1135 2534 1232 2585 quia
1269 2534 1322 2573 ab
1359 2534 1428 2573 illa
1467 2534 1612 2573 arbore
1649 2533 1699 2572 de
1737 2545 1819 2583 qua

1022 2600 1204 2640 dixeram
1226 2601 1303 2640 tibi
1325 2614 1374 2640 ex
1395 2600 1465 2640 illa
1488 2601 1576 2640 sola
1600 2613 1681 2639 non
1705 2612 1820 2638 man-

1022 2667 1185 2716 ducare,
1220 2681 1268 2706 ex
1301 2667 1371 2706 illa
1405 2667 1698 2706 manducasti?
1757 2679 1816 2705 12.

1023 2735 1079 2773 Et
1125 2734 1229 2773 dixit
1274 2734 1428 2773 Adam:
1490 2734 1642 2772 Mulier
1690 2745 1816 2783 quam

1022 2801 1172 2840 dedisti
1204 2800 1318 2850 mihi,
1353 2800 1468 2840 dedit
1501 2806 1548 2839 ut
1581 2800 1742 2839 ederem
1774 2805 1817 2838 et

1022 2867 1283 2906 manducavi.
1344 2880 1403 2917 13.
1434 2867 1489 2905 Et
1543 2866 1646 2906 dixit
1702 2867 1816 2905 Deus

1022 2934 1199 2973 mulieri:
1258 2933 1367 2983 Quid
1411 2933 1489 2972 hoc
1533 2933 1698 2972 fecisti?
1760 2933 1816 2971 Et

1024 3000 1127 3040 dixit
1156 3000 1317 3039 mulier:
1361 3000 1534 3050 Serpens
1563 2999 1724 3039 seduxit
1753 3012 1819 3037 me
