2309 3583
456 270 508 311 28
684 279 715 310 Α
745 279 893 310 STUDY
923 279 980 310 OF
1008 267 1317 310 AUGUSTINE'S
1346 278 1573 310 VERSIONS
1604 278 1661 310 OF
1691 278 1886 310 GENESIS

453 395 568 434 Deus
587 393 658 445 qui
677 393 799 434 eduxi
818 399 860 434 te
881 394 931 434 de
951 392 1114 444 regione
1134 393 1451 443 Chaldaeorum,
1471 399 1519 433 ut
1539 393 1635 433 dem
1652 392 1731 433 tibi
1750 399 1906 433 terram
1924 393 2044 441 hanc,
2065 398 2114 433 ut

453 461 569 501 heres
588 461 642 500 sis
659 460 759 501 eius.
815 462 852 500 8.
881 459 1131 500 Dominator
1148 459 1342 510 Domine,
1361 459 1587 500 secundum
1605 459 1706 511 quid
1725 459 1864 510 sciam,
1885 459 1983 511 quia
2001 459 2117 500 heres

453 527 541 568 eius
561 528 661 568 ero?
716 541 753 578 9.
781 526 932 579 Accipe
952 526 1053 566 mihi
1071 526 1291 567 iuvencam
1310 526 1492 576 trimam,
1512 533 1554 566 et
1573 539 1742 578 capram
1760 526 1931 566 trimam
1950 532 1992 566 et
2012 525 2116 566 arie-

454 600 543 634 tem
571 593 745 634 trimum
774 600 816 633 et
845 599 1052 633 turturem
1082 600 1124 633 et
1154 594 1401 633 columbam.
1460 607 1520 632 10.
1548 593 1719 644 Accepit
1749 599 1892 633 autem
1921 592 1981 632 illi
2012 593 2113 632 haec

453 660 593 701 omnia
620 666 662 700 et
689 659 832 700 divisit
859 659 930 700 illa
956 659 1093 700 media
1120 666 1162 699 et
1187 659 1327 711 posuit
1354 673 1402 699 ea
1429 665 1573 699 contra
1599 659 1749 699 faciem
1775 660 1953 699 alterum
1979 658 2098 699 alteri
2107 672 2116 709 ;

455 741 553 768 aves
575 733 717 766 autem
738 740 821 766 non
844 725 999 767 divisit.
1058 740 1118 765 11.
1148 727 1204 765 Et
1226 726 1524 766 descenderunt
1546 739 1643 765 aves
1665 739 1789 777 supra
1811 738 1983 776 corpora
2005 738 2111 777 quae

456 792 590 835 divisa
617 799 748 843 erant,
776 798 819 832 et
847 791 1031 832 consedit
1057 791 1137 832 illis
1163 793 1333 832 Abram.
1393 805 1452 831 12.
1483 791 1603 832 Circa
1631 791 1727 831 solis
1754 798 1897 831 autem
1923 804 2117 831 occasum

453 873 586 913 pavor
608 859 738 899 inruit
762 872 883 910 super
905 859 1075 907 Abram,
1100 865 1142 898 et
1166 872 1258 898 ecce
1281 857 1407 898 timor
1430 859 1671 898 tenebrosus
1695 871 1869 909 magnus
1894 857 2043 898 incidit
2067 858 2118 899 ei.

459 941 520 978 13.
550 927 606 966 Et
625 925 785 966 dictum
802 932 865 965 est
882 926 1057 965 Abram:
1090 924 1263 965 Sciendo
1282 924 1395 974 scies,
1416 923 1513 976 quia
1530 924 1791 975 peregrinum
1806 924 1885 964 erit
1901 938 2039 964 semen
2054 931 2121 965 tu-

456 1007 529 1034 um
549 993 594 1032 in
616 999 726 1032 terra
749 1005 832 1032 non
854 991 1033 1043 propria,
1057 997 1101 1031 et
1122 990 1166 1030 in
1190 990 1433 1031 servitutem
1456 990 1642 1041 redigent
1666 1004 1734 1030 eos
1758 997 1800 1030 et
1823 990 2025 1042 adfligent
2049 1005 2119 1032 eos

456 1058 768 1112 quadringentis
794 1058 931 1108 annis;
976 1071 1037 1106 14.
1068 1058 1245 1098 Gentem
1272 1063 1426 1106 autem,
1456 1056 1521 1096 cui
1549 1056 1778 1107 servierint,
1806 1056 2001 1097 iudicabo
2029 1071 2118 1109 ego.

456 1128 558 1167 Post
583 1126 684 1165 haec
709 1139 807 1165 vero
827 1125 997 1164 exibunt
1016 1124 1094 1164 hoc
1113 1137 1208 1163 cum
1227 1123 1483 1175 suppelectili
1502 1124 1648 1163 multa.
1707 1135 1767 1175 15.
1796 1124 1862 1163 Tu
1881 1130 2025 1164 autem
2039 1124 2122 1166 ibis

457 1194 512 1234 ad
538 1199 678 1245 patres
705 1198 801 1231 tuos
829 1204 924 1231 cum
950 1204 1052 1242 pace
1080 1190 1263 1230 nutritus
1290 1189 1335 1229 in
1363 1196 1527 1230 senecta
1555 1191 1678 1230 bona.
1738 1192 1798 1230 16.
1829 1191 1989 1241 Quarta
2017 1205 2118 1231 vero

456 1258 718 1312 generatione
750 1263 992 1298 convertent
1024 1271 1066 1296 se
1096 1257 1187 1297 hoc.
1242 1257 1444 1296 Nondum
1475 1256 1586 1296 enim
1615 1256 1788 1308 impleta
1821 1263 1919 1297 sunt
1945 1264 2119 1309 peccata

457 1325 803 1367 Amorrhaeorum
820 1337 950 1375 usque
966 1324 1115 1364 adhuc.
1175 1335 1234 1374 17.
1266 1323 1374 1363 Cum
1391 1329 1533 1363 autem
1548 1322 1635 1363 iam
1652 1323 1712 1363 sol
1729 1329 1819 1363 erat
1837 1324 1892 1364 ad
1910 1337 2116 1374 occasum,

457 1393 625 1434 flamma
652 1392 764 1431 facta
792 1396 867 1441 est,
897 1397 939 1430 et
967 1402 1059 1430 ecce
1087 1390 1233 1430 fornax
1260 1389 1518 1430 fumabunda
1547 1396 1589 1430 et
1616 1390 1829 1441 lampades
1859 1389 1982 1441 ignis,
2011 1404 2119 1443 quae

455 1459 781 1512 pertransierunt
800 1471 873 1509 per
894 1456 1030 1497 media
1052 1456 1185 1497 divisa
1204 1456 1287 1496 illa.
1347 1459 1407 1496 18.
1436 1457 1487 1496 In
1509 1455 1574 1497 die
1594 1456 1665 1496 illa
1687 1456 1893 1508 disposuit
1915 1458 2122 1499 Dominus

455 1528 570 1567 Deus
593 1530 893 1565 testamentum
916 1524 971 1564 ad
993 1524 1150 1563 Abram
1174 1522 1330 1563 dicens:
1373 1522 1525 1564 Semini
1549 1529 1624 1562 tuo
1648 1523 1757 1563 dabo
1780 1530 1936 1563 terram
1958 1524 2066 1565 hanc
2089 1538 2115 1565 a

454 1592 623 1633 flumine
658 1589 840 1642 Aegypti
872 1603 1002 1642 usque
1036 1590 1091 1630 ad
1123 1590 1277 1629 flumen
1310 1603 1520 1641 magnum,
1554 1590 1708 1629 flumen
1742 1590 1999 1642 Euphraten.
2059 1606 2120 1643 19.

457 1660 641 1700 Cenaeos
659 1664 702 1698 et
721 1657 952 1698 Cenezaeos
971 1663 1013 1696 et
1034 1656 1331 1707 Cedmonaeos,
1389 1670 1449 1696 20.
1479 1658 1536 1696 Et
1556 1657 1782 1697 Chettaeos
1802 1663 1844 1697 et
1870 1658 2122 1699 Pherezaeos

454 1733 496 1767 et
509 1724 731 1777 Raphaim.
789 1738 851 1764 21.
880 1725 936 1764 Et
949 1724 1223 1764 Amorrhaeos
1236 1730 1278 1764 et
1293 1723 1565 1764 Chananaeos
1579 1730 1620 1763 et
1634 1724 1797 1764 Evaeos
1811 1730 1853 1764 et
1870 1724 2121 1776 Gergesaeos

461 1799 504 1833 et
520 1793 755 1833 Iebusaeos.

1169 1866 1344 1900 CHAPTER
1370 1867 1410 1900 16

538 1963 572 1989 1.
602 1949 722 1989 Sarra
745 1953 887 1987 autem
911 1960 1011 1986 uxor
1034 1947 1248 1987 Abraham
1270 1960 1354 1986 non
1376 1946 1567 1998 pariebat
1590 1946 1661 1987 illi.
1720 1960 1755 1987 2.
1786 1947 1892 1987 Ecce
1917 1947 2123 1988 conclusit

456 2030 522 2056 me
548 2017 676 2064 Deus,
703 2020 752 2054 ut
777 2027 861 2053 non
886 2012 1059 2065 pariam.
1115 2027 1152 2064 3.
1182 2014 1238 2053 Et
1264 2013 1539 2065 adprehendit
1566 2014 1666 2054 Sara
1693 2027 1795 2053 uxor
1821 2014 1979 2054 Abram
2004 2015 2116 2066 Agar

455 2081 707 2134 Aegyptiam
727 2079 919 2120 ancillam
941 2093 1059 2119 suam
1078 2086 1175 2131 post
1196 2080 1337 2120 decem
1358 2093 1501 2129 annos,
1525 2093 1652 2131 quam
1672 2079 1940 2120 habitaverat
1961 2081 2120 2121 Abram

453 2149 499 2190 in
522 2156 633 2189 terra
658 2148 860 2188 Chanaan
884 2153 926 2186 et
950 2147 1066 2187 dedit
1091 2160 1182 2186 eam
1206 2147 1363 2186 Abram
1386 2146 1476 2186 viro
1501 2160 1575 2186 suo
1599 2146 1679 2198 ipsi
1704 2160 1885 2187 uxorem.
1944 2158 1980 2198 5.
2012 2147 2122 2188 Cum

457 2222 600 2256 autem
612 2213 720 2255 vidit
734 2227 776 2254 se
790 2219 1036 2265 conceptum
1049 2213 1212 2262 habere,
1228 2220 1366 2264 spreta
1382 2226 1474 2252 sum
1488 2226 1628 2253 coram
1641 2213 1726 2253 illa.
1784 2216 1820 2254 6.
1851 2215 1957 2253 Ecce
1971 2213 2122 2255 ancilla

457 2290 532 2324 tua
548 2282 593 2322 in
611 2280 802 2321 manibus
821 2279 918 2330 tuis,
939 2286 1054 2320 utere
1073 2294 1120 2320 ea
1140 2294 1222 2331 quo
1242 2281 1365 2320 modo
1384 2280 1462 2320 tibi
1480 2279 1695 2332 placuerit.
1752 2295 1789 2332 9.
1820 2282 2046 2321 Revertere
2065 2283 2119 2322 ad

457 2348 669 2391 dominam
687 2353 818 2387 tuam.
877 2349 937 2387 16.
966 2346 1178 2387 Abraham
1197 2353 1338 2386 autem
1357 2352 1445 2386 erat
1465 2360 1669 2387 annorum
1688 2346 1903 2398 octoginta
1925 2361 2007 2398 seX,
2028 2361 2123 2389 cum

456 2415 618 2469 peperit
637 2415 748 2465 Agar
767 2414 918 2453 Ismael
937 2413 1142 2454 Abrahae.

1172 2511 1346 2546 CHAPTER
1372 2521 1411 2552 17

538 2607 556 2633 1
563 2623 733 2633 .....
763 2596 870 2630 esset
904 2603 1107 2630 annorum
1140 2589 1368 2641 nonaginta
1403 2596 1445 2630 et
1478 2604 1643 2640 novem,
1679 2591 1876 2643 apparuit
1911 2591 2118 2633 Dominus

455 2666 498 2700 et
516 2659 620 2700 dixit
635 2657 712 2698 illi:
743 2658 832 2709 Ego
850 2670 942 2697 sum
959 2658 1087 2707 Deus,
1105 2658 1222 2709 place
1238 2656 1282 2696 in
1300 2663 1523 2709 conspectu
1540 2671 1632 2697 meo
1650 2663 1693 2698 et
1710 2664 1800 2698 esto
1818 2657 1905 2698 sine
1923 2659 2118 2710 querella,

458 2741 494 2768 2.
523 2727 580 2766 Et
606 2738 762 2777 ponam
788 2729 1090 2764 testamentum
1117 2737 1256 2763 meum
1283 2723 1391 2763 inter
1419 2738 1484 2764 me
1512 2730 1554 2764 et
1581 2724 1690 2764 inter
1717 2730 1760 2764 te
1788 2731 1830 2764 et
1862 2724 2044 2776 implebo
2079 2731 2123 2766 te

454 2794 589 2834 valde.
645 2805 683 2843 3.
712 2792 769 2830 Et
787 2790 968 2843 procidit
986 2791 1144 2831 Abram
1162 2791 1206 2830 in
1226 2791 1374 2830 faciem
1394 2797 1525 2831 tuam.
1582 2792 1639 2831 Et
1658 2792 1821 2831 locutus
1841 2797 1903 2831 est
1924 2791 1984 2831 illi
2005 2792 2122 2832 Deus

457 2860 613 2901 dicens:
648 2872 686 2908 4.
715 2859 773 2898 Et
794 2871 881 2909 ego,
905 2871 996 2897 ecce
1017 2863 1319 2897 testamentum
1340 2871 1481 2897 meum
1502 2864 1654 2909 tecum,
1677 2864 1720 2898 et
1741 2857 1820 2898 eris
1840 2864 1961 2909 pater
1983 2858 2125 2898 multi-

456 2926 615 2967 tudinis
642 2924 846 2976 gentium3
893 2936 928 2976 5.
958 2925 1015 2964 Et
1043 2937 1126 2963 non
1154 2923 1432 2975 appellabitur
1459 2924 1596 2965 adhuc
1622 2938 1775 2964 nomen
1803 2930 1924 2964 tuum
1951 2925 2122 2975 Abram,

457 2994 529 3034 sed
553 2992 631 3032 erit
655 3004 806 3032 nomen
830 2997 956 3031 tuum
979 2990 1206 3040 Abraham,
1232 2991 1329 3042 quia
1352 2997 1516 3042 patrem
1540 2992 1767 3031 multarum
1790 2991 1977 3042 gentium
2000 2990 2125 3043 posui
