2309 3583
462 262 517 313 46
694 272 725 302 A
755 272 903 303 STUDY
933 272 990 303 OF
1020 261 1328 305 AUGUSTINE'S
1357 274 1585 306 VERSIONS
1616 275 1674 306 OF
1705 275 1900 306 GENESIS

460 386 593 437 Epist.
619 399 761 436 143:9;
792 398 937 437 205:2;
966 387 1031 426 De
1051 387 1190 427 anima
1209 393 1251 427 et
1270 388 1370 439 orig.
1395 401 1511 438 1:143
1540 390 1605 428 De
1624 389 1703 429 civ.
1728 402 1868 441 13:23.
1885 403 1950 439 243
1979 390 2124 430 Enarr.

458 453 501 491 in
519 453 585 492 Ps.
605 454 725 503 89:3;
761 466 930 504 103:13;
968 456 1137 503 118:18;
1169 454 1291 506 Oper.
1316 454 1460 506 imper.
1486 469 1576 495 con.
1601 456 1683 507 Jul.
1706 458 1846 506 2:178,
1865 462 1907 495 et
1925 457 1977 496 al.
2086 458 2123 496 8.

456 519 553 559 Loc.
574 532 612 558 1:
625 530 661 570 5,
675 519 878 560 Plantavit
891 520 1002 560 Deus
1017 521 1253 571 paradisum
1268 522 1484 562 secundum
1498 522 1697 571 orientem,
1713 523 1815 574 quod
1833 523 1953 562 latini
1971 522 2125 571 habent,

460 584 546 625 “ad
576 585 804 626 orientem.''
867 587 932 625 De
965 587 1067 627 Gen.
1092 588 1147 627 ad
1177 587 1238 627 lit.
1264 590 1306 627 8:
1316 601 1338 638 3
1364 589 1500 628 reads:
1529 589 1704 640 finxerat
1725 589 1803 628 but
1824 589 1924 629 ibid.
1950 591 2023 628 821
2049 588 2125 629 has

449 651 587 703 finxit.
642 653 708 691 De
741 652 852 692 doct.
880 655 983 704 3:36
1018 653 1094 693 has
1111 654 1313 704 formavit.
1421 668 1458 705 9.
1488 655 1553 694 De
1578 655 1690 694 doct.
1718 657 1835 705 3:36,
1860 656 1913 695 Et
1938 655 2126 706 produxit

456 719 568 759 Deus
605 719 733 759 adhuc
769 719 816 759 de
849 724 951 759 terra
984 733 1097 759 omne
1129 720 1284 771 lignum
1317 721 1551 772 speciosum,
1587 726 1621 760 et
1654 722 1800 761 bonum
1832 721 1879 761 in
1912 734 2058 769 escam,·
2091 726 2126 761 et

455 785 611 837 lignum
638 785 737 825 vitae
763 785 811 825 in
838 786 966 826 medio
995 786 1179 837 paradisi
1207 791 1241 826 et
1270 787 1424 838 lignum
1452 787 1639 840 scientiae
1667 788 1761 827 boni
1789 792 1823 827 et
1850 788 1962 827 mali.
2024 788 2123 828 Loc.

462 865 478 891 1
492 865 500 891 :
512 853 549 901 6,
564 852 678 902 Quod
691 852 832 891 habent
845 852 962 893 multi
975 853 1095 892 latini
1109 853 1274 893 codices:
1300 853 1367 893 “et
1381 853 1535 905 lignum
1549 853 1701 893 sciendi
1715 854 1860 893 bonum
1875 858 1910 894 et
1920 853 2125 901 malum”,·

457 918 512 958 vel
541 918 729 969 “lignum
756 918 943 958 scientiae
978 919 1071 958 boni
1105 923 1139 959 et
1177 919 1318 968 mali‚'’
1359 924 1393 959 et
1431 919 1469 958 si
1507 933 1607 971 quae
1645 924 1738 960 sunt
1777 919 1882 960 aliae
1920 920 2124 961 varietates

457 985 504 1025 de
540 985 613 1025 hac
649 998 689 1024 re
725 985 993 1036 interpretum.
1049 986 1221 1026 Graecus
1254 986 1381 1025 habet:
1422 986 1489 1026 “et
1524 986 1679 1037 lignum
1716 986 1768 1026 ad
1804 987 2008 1027 sciendum
2041 1000 2125 1038 cog-

455 1051 643 1091 noscibile
668 1051 761 1091 boni
786 1056 820 1091 et
844 1051 985 1091 mali.''
1041 1053 1106 1091 De
1124 1058 1212 1092 nat.
1232 1052 1331 1092 boni
1350 1064 1399 1103 35
1419 1052 1495 1092 has
1512 1052 1821 1103 dignoscientiae
1838 1053 1932 1093 boni
1955 1058 1990 1093 et
2011 1053 2123 1094 mali.

460 1130 520 1169 15.
549 1119 615 1157 De
645 1118 748 1158 Gen.
778 1119 832 1158 ad
859 1118 920 1158 lit.
952 1121 1068 1167 8:11,
1097 1119 1261 1158 instead
1289 1119 1332 1158 os
1359 1123 1403 1159 ut
1430 1118 1530 1159 with
1569 1133 1594 1159 a
1630 1120 1779 1168 clause,
1808 1120 1927 1159 reads
1965 1120 2124 1171 operari

455 1197 545 1224 eum
563 1189 597 1224 et
614 1184 819 1224 custodire.
874 1185 980 1224 Ibid.
1002 1187 1044 1224 8:
1058 1198 1118 1233 12,
1138 1185 1296 1235 operari
1313 1198 1402 1225 eum
1420 1185 1489 1225 hoc
1507 1190 1562 1225 est
1579 1185 1737 1236 operari
1753 1186 1800 1225 in
1817 1199 1860 1226 eo
1878 1191 1912 1226 et
1930 1187 2124 1227 custodire

454 1264 555 1291 eum.
612 1252 677 1290 De
710 1250 820 1290 doct.
856 1264 898 1301 3:
909 1251 1105 1301 36'reads
1122 1251 1247 1302 finxit
1271 1251 1436 1292 instead
1461 1252 1504 1291 of
1530 1252 1641 1303 fecit.
1754 1254 1813 1292 16.
1843 1254 1909 1292 De
1936 1253 2039 1293 Gen.
2068 1253 2123 1294 ad

450 1317 512 1357 lit.
534 1319 575 1356 8:
590 1330 634 1368 13
655 1317 773 1357 reads
791 1317 877 1356 edes
896 1318 947 1357 ad
964 1330 1104 1357 escam.
1161 1318 1268 1357 Ibid.
1296 1320 1337 1357 8:
1352 1330 1412 1368 17,
1436 1330 1481 1369 27
1503 1319 1640 1358 follow
1659 1319 1731 1358 the
1750 1319 1920 1370 reading
1938 1320 2060 1370 given
2079 1320 2123 1359 in

450 1383 522 1424 the
541 1389 643 1423 text.
706 1384 802 1423 Loc.
828 1397 845 1423 1
858 1397 866 1423 :
879 1395 914 1434 7,
938 1384 1017 1423 “ex
1037 1384 1147 1424 omni
1166 1384 1273 1435 ligno
1293 1385 1396 1436 quod
1414 1389 1469 1425 est
1487 1385 1534 1425 in
1553 1386 1743 1436 paradiso
1763 1399 1871 1426 escae
1890 1386 2020 1434 edes‚⁷'
2041 1399 2124 1426 non

449 1451 638 1502 paradiso
661 1450 987 1501 distinguendum
1010 1455 1077 1499 est,
1102 1451 1169 1490 sed
1194 1451 1336 1491 “escae
1360 1451 1489 1491 edes.''
1608 1464 1667 1503 17.
1699 1453 1840 1492 Sermo
1867 1464 1958 1504 152:
1971 1464 2007 1504 5,
2032 1453 2123 1504 Qua

449 1517 513 1557 die
538 1517 882 1565 manducaveritis,
909 1522 1029 1557 morte
1054 1517 1294 1558 moriemini.
1358 1519 1412 1559 So
1437 1519 1524 1558 also
1543 1520 1608 1558 De
1628 1519 1731 1559 Gen.
1752 1532 1842 1559 con.
1864 1520 1983 1559 Man.
2007 1533 2120 1560 2:11.

449 1584 594 1623 Enarr.
620 1584 663 1622 in
687 1585 753 1623 Ps.
778 1596 906 1635 41:52
933 1590 975 1623 et
999 1585 1066 1633 al.‚
1091 1584 1199 1624 have
1222 1584 1295 1624 the
1319 1585 1500 1636 singular
1523 1586 1630 1625 form
1654 1590 1774 1625 morte
1797 1586 1990 1626 morieriS.
2055 1587 2120 1627 Cf.

449 1650 559 1701 Oper
582 1649 727 1701 imper.
755 1663 846 1690 con.
873 1651 955 1701 Jul.
983 1653 1024 1690 6:
1035 1665 1098 1701 30.
1157 1651 1260 1691 Con.
1288 1652 1321 1690 F
1323 1658 1431 1691 aust.
1457 1666 1570 1702 1414,
1596 1653 1687 1703 Qua
1710 1653 1775 1692 die
1799 1653 2015 1704 tetigeritiS,
2041 1659 2120 1693 etc.

448 1717 557 1757 Ibid.
581 1729 694 1767 1427,
713 1717 764 1757 Si
786 1717 1000 1768 tetigeritiS,
1026 1724 1104 1757 etc.
1217 1720 1277 1758 18.
1308 1719 1373 1758 De
1394 1718 1497 1759 Gen.
1519 1719 1573 1759 ad
1592 1719 1653 1759 lit.
1675 1721 1717 1759 6:
1730 1731 1750 1770 5
1775 1720 1850 1759 has
1872 1720 1937 1759 illi
1958 1720 2123 1761 instead

449 1783 492 1823 of
517 1783 565 1823 ei.
622 1783 730 1823 Ibid.
754 1797 844 1834 9t2,
868 1784 940 1823 the
959 1784 1078 1824 order
1097 1785 1131 1823 is
1156 1798 1238 1824 non
1263 1788 1318 1824 est
1343 1786 1501 1835 bonum,
1523 1791 1600 1825 etc.
1658 1787 1723 1825 De
1750 1786 1852 1826 Gen.
1881 1800 1970 1826 con.
2000 1787 2119 1827 Man.

450 1863 565 1898 2:11,
593 1851 689 1890 Non
715 1855 770 1890 est
796 1851 942 1890 bonum
968 1851 1096 1891 solum
1122 1851 1333 1891 hominem.
1398 1852 1501 1892 Con.
1530 1853 1668 1892 Adim.
1696 1867 1718 1904 3
1748 1853 1867 1893 reads
1893 1853 1966 1892 the
1993 1867 2119 1893 same.

452 1930 511 1967 19.
543 1917 608 1956 De
629 1916 732 1957 Gen.
754 1917 889 1957 adlit.
912 1920 954 1957 6:
967 1929 1002 1968 5,
1023 1918 1095 1957 the
1122 1919 1242 1958 order
1268 1918 1302 1957 is
1329 1918 1432 1959 illud
1458 1919 1615 1969 vocavit,
1644 1925 1742 1968 ete.;
1776 1919 1848 1959 the
1875 1920 1956 1960 last
1984 1920 2121 1960 clause

447 1983 566 2023 reads
595 1983 665 2023 hoc
691 1997 834 2023 nomen
861 1984 987 2034 illius,
1017 1991 1096 2024 etc.
1153 1986 1218 2024 De
1241 1985 1344 2025 Gen.
1367 1986 1422 2025 ad
1442 1985 1503 2025 lit.
1527 1999 1569 2037 9:
1583 1999 1630 2035 14
1651 1986 1771 2026 reads
1791 1987 1889 2038 quid
1909 2000 1955 2026 ea
1975 1991 2123 2027 vocaret

444 2049 610 2090 instead
633 2050 676 2090 of
699 2050 796 2101 quid
818 2051 977 2091 vocabit.
1035 2051 1100 2091 Cf.
1128 2053 1193 2091 De
1218 2053 1380 2092 Peccat.
1405 2053 1512 2092 Mer.
1538 2055 1650 2103 1:36.
1762 2066 1823 2093 20.
1853 2054 1918 2092 De
1940 2053 2043 2093 Gen.
2065 2054 2120 2094 ad

446 2116 508 2156 lit.
543 2118 617 2168 6:5
657 2117 790 2167 reads,
821 2117 936 2157 Adae
974 2123 1105 2158 autem
1135 2131 1216 2158 non
1253 2119 1436 2159 inventus
1473 2119 1632 2160 adiutor
1661 2120 1810 2159 similis
1841 2120 1938 2171 ipsi.
2056 2134 2117 2161 21.

450 2183 515 2222 De
545 2183 648 2223 Gen.
678 2184 732 2223 ad
760 2184 821 2223 lit.
845 2186 934 2235 6:5,
956 2186 1008 2224 Et
1027 2185 1164 2224 iniecit
1183 2186 1294 2225 Deus
1314 2186 1456 2225 mentis
1477 2186 1758 2226 alienationem
1777 2193 1898 2238 super
1916 2187 2064 2236 Adam,
2085 2192 2121 2227 et

446 2250 687 2298 obdormivit,
722 2255 756 2290 et
788 2251 932 2290 sumsit
957 2265 1082 2291 unam
1107 2252 1154 2291 de
1180 2252 1296 2292 costis
1322 2252 1409 2292 eius
1435 2257 1469 2292 et
1495 2253 1712 2304 adinplevit
1736 2266 1894 2293 carnem
1919 2254 1966 2293 in
1990 2253 2119 2294 locum

444 2316 544 2356 eius.
602 2316 705 2356 Con.
721 2317 858 2357 Adim.
875 2331 912 2368 3,
928 2319 980 2357 Et
993 2318 1151 2357 inmisit
1164 2319 1275 2358 Deus
1289 2319 1403 2359 Adae
1416 2332 1601 2359 somnum
1620 2324 1654 2359 et
1673 2320 1914 2369 obdormivit,
1929 2325 1964 2360 et
1981 2326 2119 2372 sump-

444 2383 497 2422 sit
517 2395 643 2423 unam
662 2384 709 2423 de
729 2384 845 2423 costis
866 2384 965 2433 eius,
988 2398 1034 2424 ex
1054 2399 1133 2436 qua
1145 2386 1334 2436 formavit
1354 2387 1501 2435 Euam,
1523 2400 1643 2438 quam
1663 2387 1830 2427 adduxit
1859 2387 1911 2427 ad
1930 2387 2065 2427 Adam
2085 2390 2120 2427 et

447 2449 521 2489 ait:
556 2449 659 2490 Con.
688 2451 804 2490 MaX.
835 2453 964 2500 2:26„
991 2452 1043 2491 Et
1067 2452 1237 2491 immisit
1262 2453 1464 2493 Dominus
1481 2459 1660 2504 soporem
1677 2453 1724 2493 in
1740 2454 1875 2493 Adam
1894 2458 1929 2493 et
1946 2454 2119 2505 sumpsit

447 2529 573 2555 unam
608 2517 655 2556 de
694 2517 811 2556 costis
840 2518 939 2557 eius.
1059 2531 1119 2558 22.
1150 2519 1215 2558 De
1247 2519 1349 2559 Gen.
1381 2520 1436 2560 ad
1465 2520 1526 2560 lit.
1559 2522 1649 2571 6:5‚
1679 2521 1852 2571 sumpsit
1880 2520 2044 2560 instead
2073 2520 2117 2560 of

444 2583 606 2634 accepit.
669 2584 777 2624 Ibid.
801 2597 842 2635 9:
857 2597 917 2635 13,
939 2585 1024 2625 Cur
1043 2585 1163 2624 etiam
1184 2599 1265 2625 non
1285 2586 1433 2626 dictum
1454 2592 1509 2626 est
1531 2586 1713 2638 “finxit’'
1736 2591 1806 2627 aut
1828 2586 1992 2638 “secit‚’'
2014 2586 2118 2627 sicut

442 2649 490 2688 in
509 2650 693 2690 omnibus
711 2656 837 2702 supra
856 2651 1052 2702 operibus,
1073 2652 1140 2691 sed
1161 2651 1414 2704 “aedificavit
1432 2653 1634 2694 Dominus
1652 2653 1806 2702 Deus‚''
1826 2660 1904 2693 etc.
1950 2654 2015 2693 De
2035 2654 2113 2694 civ.

446 2728 587 2767 22:17,
610 2718 720 2757 Nam
741 2717 810 2757 hoc
831 2718 951 2757 etiam
971 2719 1078 2758 verbo
1100 2719 1299 2770 scriptura
1320 2733 1395 2759 usa
1416 2725 1483 2769 est,
1505 2720 1576 2761 ubi
1596 2734 1677 2760 non
1697 2721 1838 2772 legitur
1867 2720 2115 2771 “formavit'’

443 2787 513 2822 aut
537 2782 720 2834 “finxit’'
743 2784 811 2824 sed
835 2784 1089 2836 “aedificavit
1111 2798 1198 2825 eam
1220 2786 1267 2825 in
1289 2786 1535 2827 mulierem.''
1600 2787 1703 2827 Con.
1727 2787 1864 2827 Adim.
1889 2800 1927 2837 3,
1951 2787 2015 2826 Ex
2037 2800 2115 2838 qua

439 2849 630 2900 formavit
654 2852 789 2890 Euam
814 2864 934 2903 quam
960 2852 1126 2892 adduxit
1152 2852 1204 2891 ad
1229 2853 1363 2892 Adam
1389 2858 1423 2893 et
1457 2854 1526 2894 ait.
1590 2855 1656 2894 De
1690 2854 1794 2894 Con.
1829 2867 1975 2904 evang.
2014 2855 2114 2893 2:28

443 2915 518 2955 has
535 2917 743 2967 formavit,·
775 2931 820 2957 so
839 2918 926 2957 also
944 2918 1020 2958 has
1047 2919 1151 2959 Con.
1172 2919 1204 2957 F
1208 2926 1314 2959 aust.
1340 2934 1456 2971 11:3;
1490 2921 1541 2960 In
1567 2921 1684 2961 Ioan.
1705 2933 1850 2971 evang.
1874 2934 1938 2969 103
1973 2920 2114 2960 Sermo

446 2993 561 3032 5214.
672 2997 732 3035 23.
767 2985 817 3024 In
830 2985 947 3025 Ioan.
967 2998 1113 3036 evang.
1136 2998 1154 3024 2
1174 2986 1293 3026 reads
1310 2987 1357 3026 de
1374 2987 1539 3028 ossibus.
1596 2988 1661 3027 De
1675 2987 1798 3028 anim.
1817 3001 1834 3026 1
1848 3000 1856 3026 :
1870 2989 1916 3027 18
1928 2986 2004 3027 has
2016 2987 2113 3039 quia
