2309 3583
806 284 896 313 THE
927 284 1048 313 TEXT
1704 286 1757 327 45

100 413 161 451 27.
193 401 260 440 No
280 399 457 438 variant.
514 397 579 437 Cf.
606 398 670 436 De
700 397 813 436 Trin.
841 398 958 445 12:6;
988 397 1053 435 De
1072 397 1206 447 Nupt.
1228 402 1269 435 et
1297 397 1399 436 Con.
1426 411 1543 447 2:31;
1575 399 1651 437 De.
1677 398 1755 437 civ.

101 480 166 515 14:
179 479 240 515 22,
256 471 297 504 et
313 465 364 504 al.
422 464 524 503 Con.
541 463 622 514 Jul.
639 476 683 511 4:
698 476 744 510 14
759 462 878 501 reads
893 462 963 501 the
979 475 1091 501 same
1106 475 1151 501 as
1171 463 1235 501 De
1253 462 1353 502 Gen.
1372 476 1460 502 con.
1479 464 1596 502 Man.
1614 470 1759 514 except

98 533 172 572 has
192 544 253 571 eos
272 530 435 570 instead
454 530 497 569 of
515 529 617 569 illos.
729 531 789 568 28.
819 529 896 568 De.
920 528 1022 568 Gen.
1043 529 1097 567 ad
1116 528 1176 567 lit.
1199 531 1288 577 6:2,
1310 531 1333 567 8
1353 529 1427 568 has
1446 530 1576 568 habete
1596 535 1762 580 potesta-

96 603 170 638 tem
193 597 355 636 instead
378 596 421 635 of
447 595 728 635 dominamini.
784 595 892 634 Ibid.
919 596 1009 643 628,
1034 594 1226 634 Omnium
1250 595 1472 645 repentium
1495 609 1594 646 quae
1617 600 1761 646 repunt

96 668 395 714 superterram.
460 662 562 702 Con.
591 662 672 712 Jul.
700 675 804 709 4:14
830 661 949 700 reads
979 661 1046 699 the
1074 674 1185 700 same
1212 674 1257 699 as
1284 661 1348 699 De
1377 661 1478 700 Gen.
1508 674 1597 700 con.
1627 662 1761 709 Man.‚

96 734 241 780 except
264 729 354 768 illos
378 729 440 768 for
464 741 539 768 eos.
606 728 708 768 Con.
729 727 832 767 duas
849 727 969 778 epist.
988 727 1124 777 Pelag.
1144 740 1186 775 4:
1200 740 1219 765 2
1238 727 1357 766 reads
1374 728 1426 766 Et
1443 727 1560 766 dixit:
1594 728 1763 767 Crescite

98 801 132 836 et
154 795 496 846 multiplicamini.
552 794 659 834 Ibid.
686 807 728 842 4:
741 805 761 844 5
788 807 913 842 same,
939 799 1082 844 except
1106 793 1178 832 the
1205 799 1371 844 present
1399 794 1505 832 form
1532 793 1641 833 dicit.
1698 795 1762 832 De

97 863 174 902 civ.
195 875 259 910 14:
273 875 316 901 21
335 861 453 901 reads
466 861 571 900 both
585 860 726 911 replete
740 860 823 899 and
841 860 1000 910 inplete.
1056 860 1163 899 Ibid.
1188 872 1253 898 22:
1268 873 1315 908 24
1334 860 1409 899 has
1428 860 1586 910 inplete.
1699 873 1759 910 29.

98 930 163 968 De
180 928 282 968 Gen.
300 928 431 967 adlit.
449 929 542 976 6:83
574 929 615 966 S:
626 940 648 977 3
666 932 793 977 quote
808 926 915 965 from
934 939 1015 965 ecce
1033 932 1078 965 to
1099 926 1170 965 the
1189 926 1270 965 end
1289 926 1332 964 of
1351 926 1422 964 the
1442 939 1570 965 verse.
1626 927 1763 965 Insert

90 995 346 1047 fructiferum
365 994 471 1033 after
489 994 656 1044 lignum.
718 993 819 1032 Last
839 993 974 1032 clause
994 992 1129 1032 reads:
1162 993 1276 1043 Quod
1295 992 1366 1031 erit
1384 992 1501 1041 vobis,
1522 998 1600 1031 etc.
1658 992 1762 1032 Con.

97 1062 179 1112 Jul.
197 1075 238 1109 4:
254 1074 313 1109 14,
331 1062 383 1100 Et
398 1060 501 1099 dixit
515 1061 643 1099 Deus:
673 1060 772 1099 Ecce
787 1059 879 1098 dedi
893 1059 997 1098 vobis
1014 1072 1126 1098 omne
1136 1059 1281 1109 fenum
1299 1058 1468 1098 sativum
1486 1059 1690 1098 seminans
1707 1071 1764 1098 se-

97 1141 200 1176 men,
217 1128 319 1178 quod
334 1132 388 1166 est
404 1133 524 1178 super
539 1139 691 1165 omnem
707 1130 862 1173 terram,
880 1130 914 1164 et
930 1138 1042 1164 omne
1057 1125 1212 1176 lignum
1227 1125 1329 1176 quod
1348 1125 1458 1164 habet
1472 1125 1519 1164 in
1534 1138 1574 1164 se
1584 1126 1765 1176 fructum

97 1194 263 1234 seminis
294 1193 429 1240 sativi‚·
473 1193 577 1233 vobis
609 1193 682 1232 erit
712 1192 759 1231 in
790 1205 930 1231 escam.
995 1191 1059 1231 Cf.
1095 1191 1280 1231 Confess.
1319 1203 1458 1242 13:25,
1490 1193 1590 1231 Ecce
1621 1191 1766 1230 dedisti

97 1261 210 1300 nobis
237 1260 283 1299 in
311 1273 451 1309 escam,
480 1266 573 1309 ete.‚
603 1272 714 1298 same
742 1271 787 1298 as
815 1258 886 1297 the
913 1258 1131 1309 preceding
1160 1258 1380 1308 quotation
1408 1271 1454 1297 as
1481 1258 1545 1297 far
1572 1271 1618 1297 as
1645 1257 1762 1297 vobis.

98 1341 162 1378 30.
226 1326 328 1366 Con.
361 1327 442 1377 Jul.
475 1339 579 1374 4:14
610 1325 684 1365 has
722 1325 908 1376 serpenti,
940 1324 1133 1373 animam,
1157 1324 1315 1375 fenum,
1347 1324 1511 1363 instead
1542 1324 1585 1363 of
1615 1323 1764 1374 reptili,

97 1393 299 1444 spiritum.
310 1393 392 1432 and
403 1392 608 1443 pabulum,
622 1392 905 1443 respectively.
1013 1404 1035 1441 3
1044 1404 1076 1430 1.
1107 1391 1272 1441 Quoted
1283 1404 1385 1442 very
1397 1391 1633 1442 frequently
1645 1390 1764 1429 with-

97 1466 173 1499 out
198 1460 384 1499 variants
404 1465 548 1509 except
569 1458 668 1497 such
689 1471 734 1497 as
755 1471 823 1497 are
844 1458 924 1497 due
944 1463 989 1496 to
1010 1464 1177 1497 context
1197 1458 1240 1496 in
1259 1457 1393 1496 which
1414 1457 1587 1508 quoted;
1624 1457 1675 1496 cf.
1700 1457 1765 1496 De

97 1527 207 1566 bono
226 1526 310 1565 vid.
331 1528 372 1564 6:
405 1526 512 1565 Fecit
529 1526 640 1564 Deus
659 1525 808 1573 omnia,
828 1529 862 1563 et
880 1538 961 1564 ecce
980 1525 1081 1564 bona
1099 1524 1220 1573 valde,
1241 1530 1318 1563 etc.

823 1633 997 1666 CHAPTER
1024 1644 1040 1665 2

180 1728 214 1754 1.
243 1715 308 1753 De
339 1713 441 1754 Gen.
472 1713 527 1753 ad
555 1713 616 1752 lit.
649 1715 765 1761 6:11,
803 1712 1034 1763 compositio
1070 1712 1234 1752 instead
1270 1712 1312 1751 of
1349 1717 1524 1752 ornatus.
1636 1725 1670 1751 2.
1701 1712 1768 1752 De

100 1781 203 1822 Gen.
226 1781 280 1820 ad
300 1781 362 1820 lit.
385 1794 427 1828 4:
442 1794 489 1830 19
510 1780 585 1819 has
606 1779 653 1819 in
673 1779 839 1830 septimo
860 1779 936 1818 die.
991 1778 1081 1818 The
1101 1779 1183 1818 last
1213 1778 1301 1818 half
1329 1779 1372 1818 of
1402 1779 1474 1818 the
1495 1792 1611 1818 verse
1632 1779 1666 1817 is
1688 1779 1768 1817 fre-

98 1848 272 1899 quently
301 1847 458 1898 quoted
487 1846 571 1886 and
601 1846 784 1897 adapted
814 1852 860 1885 to
890 1845 962 1884 the
993 1851 1174 1885 context.
1239 1845 1304 1885 Cf.
1338 1845 1441 1885 Con.
1474 1845 1612 1884 Adim.
1647 1858 1683 1894 2,
1715 1845 1769 1884 Et

96 1914 380 1955 consummavit
398 1914 509 1953 Deus
529 1913 592 1952 die
612 1917 716 1952 sexto
737 1913 873 1952 omnia
894 1918 1012 1963 opera
1032 1925 1121 1961 sua,
1143 1925 1242 1963 quae
1261 1912 1372 1963 fecit,
1395 1916 1429 1951 et
1449 1912 1496 1951 in
1516 1912 1682 1962 septimo
1704 1912 1768 1951 die

97 1981 281 2032 requievit
305 1981 353 2020 ab
378 1980 523 2020 eisdem
547 1980 730 2019 omnibus
755 1979 938 2030 operibus
962 1979 1048 2018 suis
1073 1992 1172 2030 quae
1189 1979 1350 2029 fecerat,
1372 1978 1423 2018 cf.
1455 1979 1588 2029 Epist.
1621 1990 1686 2029 55:
1702 1991 1766 2027 103

102 2050 244 2098 166:5;
277 2048 342 2086 De
360 2047 438 2086 civ.
460 2060 600 2096 22:30,
619 2052 661 2085 et
679 2046 725 2085 al.
839 2059 876 2096 3.
907 2046 971 2084 De
988 2045 1068 2085 civ.
1090 2059 1218 2096 22:30
1243 2045 1318 2084 has
1341 2058 1383 2084 eo
1407 2045 1572 2084 instead
1596 2045 1639 2084 of
1662 2045 1767 2095 ipso.

101 2114 166 2154 Cf.
195 2114 328 2164 Epist.
359 2125 499 2164 55:10.
609 2125 644 2163 5.
675 2114 739 2151 De
777 2112 879 2152 Gen.
908 2112 963 2152 ad
995 2112 1056 2152 lit.
1104 2124 1192 2163 514,
1224 2126 1288 2161 11;
1331 2114 1405 2162 6z3
1434 2112 1533 2151 read
1560 2116 1770 2163 antequam

100 2185 328 2220 exoreretur.
383 2180 491 2219 Ibid.
521 2191 610 2230 524,
640 2192 685 2230 23
714 2179 821 2218 have
847 2183 1022 2218 exortum
1047 2183 1114 2218 est.
1170 2179 1277 2218 Ibid.
1303 2192 1328 2227 4
1354 2179 1440 2218 also
1463 2178 1588 2217 omits
1615 2178 1702 2229 agri
1726 2178 1769 2216 in

101 2260 178 2286 one
205 2247 379 2286 citation
406 2246 448 2285 of
475 2245 547 2285 the
573 2259 702 2286 verse.
759 2246 824 2284 De
858 2245 960 2285 Gen.
990 2258 1080 2284 con.
1110 2245 1229 2284 Man.
1261 2258 1349 2295 213,
1377 2258 1491 2284 omne
1517 2244 1640 2284 viride
1667 2245 1768 2295 agri,

101 2318 323 2364 antequam,
351 2319 431 2352 etc.
486 2313 583 2352 Loc.
616 2325 703 2361 1:4,
731 2313 784 2351 Et
810 2312 923 2351 liomo
950 2325 1031 2351 non
1058 2317 1140 2351 erat
1166 2312 1324 2362 operari
1350 2316 1494 2351 terram
1520 2312 1622 2362 quod
1649 2311 1771 2350 latini

100 2379 249 2420 codices
275 2379 415 2418 habent
439 2379 508 2430 qui
533 2383 758 2430 operaretur
778 2383 933 2418 terram.
1044 2390 1079 2429 7.
1108 2379 1174 2417 De
1194 2378 1296 2418 Gen.
1316 2378 1370 2418 ad
1387 2378 1449 2417 lit.
1470 2380 1511 2417 6:
1526 2392 1586 2427 11,
1606 2379 1640 2417 F
1642 2391 1770 2417 orma-

101 2446 154 2486 vit
169 2446 280 2485 Deus
297 2445 495 2485 hominem
511 2445 707 2496 pulverem
723 2449 846 2485 terrae
862 2443 932 2493 (vel
944 2445 1086 2484 limum
1097 2443 1238 2493 terrae)
1254 2449 1288 2484 et
1298 2444 1513 2495 inspiravit
1530 2442 1624 2493 (sive
1636 2444 1771 2495 suffla-

100 2510 170 2560 vit)
186 2512 232 2551 in
246 2512 332 2552 eius
338 2512 488 2562 faciem
499 2512 689 2563 spiritum
699 2512 812 2561 vitae,
826 2516 860 2551 et
865 2512 1001 2562 factus
1015 2516 1070 2551 est
1083 2511 1195 2551 homo
1209 2511 1256 2550 in
1269 2511 1451 2550 animam
1463 2511 1602 2550 vivam.
1658 2510 1767 2550 Ibid.

103 2591 144 2630 7:
158 2593 175 2618 1
192 2578 310 2618 reads
324 2578 396 2617 the
410 2591 522 2617 same
535 2592 581 2618 as
594 2578 666 2617 the
684 2584 774 2617 text
788 2584 933 2629 except
943 2578 1059 2629 flavit
1072 2578 1236 2617 instead
1249 2578 1292 2617 of
1310 2577 1539 2629 insufflavit.
1596 2577 1770 2616 Farther

102 2659 155 2685 on
175 2646 217 2684 in
237 2645 309 2684 the
328 2658 440 2684 same
458 2658 631 2696 passage
649 2658 709 2684 we
729 2645 828 2694 find,
841 2645 957 2696 flavit
976 2645 1031 2684 vel
1050 2644 1220 2696 sufflavit
1238 2644 1447 2695 infaciem
1472 2645 1558 2684 eius
1580 2643 1770 2694 spiritum

101 2712 214 2759 vitae,
237 2711 410 2751 nonnuli
431 2711 538 2750 enim
559 2711 707 2751 codices
729 2711 881 2760 habent,
904 2711 1071 2762 spiravit
1091 2711 1147 2750 vel
1167 2711 1394 2762 inspiravit,
1417 2716 1496 2750 etc.
1552 2710 1660 2749 Ibid.
1692 2721 1732 2760 7:
1743 2723 1766 2760 3

102 2778 222 2818 reads
245 2777 427 2829 sufflavit.
483 2777 650 2827 Quaest.
681 2791 767 2828 119,
787 2779 840 2817 Et
860 2777 1078 2828 insufflavit
1099 2778 1211 2817 Deus
1233 2777 1280 2816 in
1295 2777 1446 2828 faciem
1470 2777 1556 2816 eius
1580 2776 1770 2827 spiritum

102 2845 214 2891 vitae,
234 2844 336 2896 quod
355 2844 497 2883 melius
514 2843 677 2895 quidam
696 2844 844 2884 codices
863 2844 1019 2884 habent:
1043 2844 1192 2895 flatum
1209 2843 1321 2883 vitae.
1369 2844 1434 2882 De
1453 2843 1531 2882 civ.
1549 2855 1689 2893 13:23,
1708 2856 1770 2891 24,

102 2910 325 2962 Inspiravit
355 2910 410 2950 vel
440 2910 477 2949 si
507 2910 635 2961 magis
665 2910 825 2961 proprie
855 2910 1066 2950 dicendum
1096 2915 1167 2950 est:
1198 2910 1415 2961 insufflavit
1442 2910 1488 2948 in
1508 2909 1659 2960 faciem
1684 2909 1771 2949 eius

102 2977 293 3028 spiritum
313 2977 424 3017 vitae.
481 2977 592 3016 Both
614 2976 738 3017 vivam
758 2977 843 3017 and
862 2977 1046 3017 viventem
1067 2990 1134 3016 are
1156 2977 1299 3016 found.
1356 2976 1421 3016 Cf.
1444 2977 1630 3016 Retract.
1652 2989 1716 3015 10:
1728 2989 1769 3026 33
