2309 3583
441 275 497 316 34
675 272 706 302 A
736 272 885 303 STUDY
915 272 972 303 OF
1001 261 1309 305 AUGUSTINE'S
1339 274 1566 305 VERSIONS
1596 275 1654 306 OF
1685 275 1879 306 GENESIS

438 385 580 426 venari
613 385 804 436 agrestis:
852 387 978 426 Iacob
1013 393 1156 427 autem
1189 387 1313 427 homo
1347 387 1533 440 simpleX‚
1568 388 1764 429 habitans
1798 389 1981 429 domum.
2037 403 2102 440 31.

438 452 579 492 Vende
596 452 697 491 mihi
715 452 837 493 hodie
853 453 1131 504 primogenita
1147 459 1222 494 tua
1239 453 1353 494 mihi.

1150 562 1325 596 CHAPTER
1350 565 1390 596 26

518 655 551 681 1.
581 641 711 681 Facta
737 647 800 681 est
825 648 969 681 autem
994 642 1124 682 fames
1151 655 1272 694 super
1297 648 1453 682 terram
1478 649 1642 694 praeter
1668 643 1807 683 famen
1841 657 1948 695 quae
1987 643 2103 695 prius

434 707 548 747 facta
572 714 635 747 est
658 707 702 747 in
726 713 912 759 tempore
937 709 1129 748 Abrahae
1137 722 1146 758 ;
1186 708 1292 748 abiit
1315 715 1459 748 autem
1482 710 1601 749 Isaac
1626 709 1682 749 ad
1705 709 1938 750 Abimilech
1961 723 2100 761 regem

435 774 747 814 Philistinorum
779 774 824 813 in
859 774 1027 815 Gerara.
1086 789 1120 815 2.
1150 775 1358 826 Apparuit
1391 781 1534 815 autem
1566 775 1625 815 illi
1660 775 1867 815 Dominus
1901 782 1944 816 et
1978 776 2102 817 dixit:

434 841 533 881 Noli
552 841 796 881 descendere
814 841 858 880 in
877 842 1134 893 Aegyptum:
1168 841 1315 881 habita
1334 848 1477 881 autern
1495 841 1539 881 in
1558 848 1681 891 terra,
1702 856 1830 893 quam
1849 842 1929 882 tibi
1946 842 2099 883 dixero.

434 921 472 958 3.
502 909 558 947 Et
577 907 708 948 incole
728 908 772 946 in
792 914 903 947 terra
923 908 1018 957 hac;
1054 914 1097 947 et
1117 921 1186 948 ero
1207 914 1348 948 tecum
1368 915 1410 947 et
1431 908 1676 948 benedicam
1696 914 1751 948 te.
1808 908 1905 948 Tibi
1926 909 2039 948 enim
2058 915 2102 949 et

433 974 578 1014 semini
603 980 678 1014 tuo
705 974 814 1014 dabo
839 987 1007 1014 omnem
1031 980 1186 1013 terram
1210 974 1331 1023 hanc,
1358 980 1401 1014 et
1426 980 1614 1014 statuam
1638 974 1921 1015 iuramentum
1946 989 2100 1026 meum,

433 1041 547 1093 quod
568 1040 703 1081 iuravi
727 1041 919 1081 Abrahae
942 1040 1053 1092 patri
1077 1046 1165 1080 tuo.
1221 1054 1258 1089 4.
1289 1041 1346 1080 Et
1369 1040 1658 1092 multiplicabo
1682 1054 1822 1081 semen
1845 1047 1968 1082 tuum
1991 1048 2099 1082 tam-

432 1121 561 1160 quam
577 1108 716 1147 stellas
734 1107 848 1156 caeli,
867 1113 909 1147 et
927 1107 1037 1147 dabo
1055 1106 1200 1146 semini
1217 1112 1293 1146 tuo
1310 1120 1478 1146 omnem
1494 1113 1650 1147 terram
1667 1107 1775 1148 hanc
1792 1113 1835 1148 et
1851 1108 2098 1149 benedicen-

432 1179 502 1214 tur
517 1174 562 1213 in
579 1173 732 1213 semine
749 1179 824 1213 tuo
842 1186 984 1213 omnes
1001 1179 1144 1224 gentes
1162 1179 1308 1213 terrae.
1367 1185 1402 1224 5.
1432 1174 1514 1213 Pro
1531 1186 1580 1213 eo
1598 1174 1712 1225 quod
1729 1174 1951 1215 obaudivit
1968 1176 2101 1215 Abra-

431 1240 531 1280 ham
552 1246 673 1292 pater
697 1246 794 1280 tuus
817 1253 963 1279 vocem
987 1252 1123 1279 meam
1146 1245 1190 1279 et
1212 1239 1442 1279 custodivit
1465 1246 1688 1291 praecepta
1713 1254 1805 1280 mea
1830 1247 1873 1281 et
1897 1242 2100 1282 mandata

432 1320 525 1347 mea
545 1313 587 1346 et
606 1305 920 1346 iustificationes
941 1319 1054 1345 meas
1075 1311 1117 1345 et
1137 1305 1323 1356 legitima
1343 1319 1448 1346 mea.
1508 1320 1568 1346 12.
1600 1307 1819 1347 Benedixit
1841 1313 1984 1347 autem
2004 1321 2101 1348 eum

432 1373 651 1422 Dominus,
709 1386 769 1423 13.
800 1373 856 1412 Et
874 1372 1081 1412 exaltatus
1099 1377 1162 1411 est
1182 1372 1307 1412 homo
1327 1378 1369 1412 et
1386 1373 1612 1424 procedens
1632 1373 1763 1413 maior
1780 1374 1922 1424 fiebat,
1942 1374 2101 1426 quoad-

432 1453 562 1491 usque
589 1452 763 1490 magnus
790 1439 927 1478 factus
954 1444 1017 1478 est
1044 1439 1178 1478 valde.
1238 1452 1299 1487 24.
1330 1439 1419 1490 Ego
1448 1452 1553 1489 sum,
1583 1440 1699 1480 Deus
1726 1440 1941 1480 Abraham
1967 1442 2100 1492 patris

431 1506 506 1556 tui,
529 1507 612 1546 noli
633 1506 796 1555 timere3
832 1512 972 1545 tecum
993 1505 1105 1544 enim
1126 1518 1220 1545 sum
1240 1511 1283 1545 et
1304 1506 1495 1546 benedixi
1517 1512 1560 1545 te
1582 1513 1624 1546 et
1647 1506 1936 1558 multiplicabo
1958 1521 2099 1548 semen

429 1578 551 1613 tuum
574 1578 743 1624 propter
767 1572 980 1612 Abraham
1004 1578 1168 1623 patrem
1192 1578 1327 1612 tuum.
1386 1575 1447 1612 28.
1477 1572 1676 1613 Videntes
1701 1574 1885 1614 vidimus
1910 1575 2009 1626 quia
2034 1581 2099 1617 est

430 1640 636 1679 Dominus
666 1645 806 1679 tecum
811 1670 981 1688 .....
1012 1639 1108 1679 Fiat
1139 1639 1346 1679 execratio
1376 1639 1486 1679 inter
1517 1653 1605 1689 nos,
1639 1646 1681 1679 et
1712 1640 1821 1680 inter
1852 1647 1908 1690 te,
1942 1647 1985 1681 et
2017 1641 2098 1682 dis-

428 1719 629 1758 ponemus
659 1711 800 1745 tecum
830 1711 1145 1745 testamentum.
1204 1719 1264 1756 29.
1295 1706 1361 1746 Ne
1392 1706 1521 1746 facias
1554 1707 1772 1747 nobiscum
1803 1708 1973 1748 malum.
2031 1722 2096 1760 33.

513 1804 522 1813 .
553 1804 562 1813 .
591 1773 873 1813 iuramentum
877 1804 1048 1812 .....

1141 1837 1319 1871 CHAPTER
1345 1847 1384 1878 27

511 1931 545 1958 1.
575 1917 631 1956 Et
658 1917 827 1957 vocavit
856 1916 986 1956 filium
1014 1930 1136 1957 suum
1163 1916 1366 1957 seniorem
1393 1918 1507 1957 Esau
1534 1923 1577 1957 et
1606 1917 1723 1958 dixit.
1779 1931 1817 1969 3.
1847 1919 1972 1959 Nunc
1999 1932 2096 1971 ergo

427 1997 543 2024 sume
562 1997 637 2023 vas
655 1989 778 2023 tuum
796 1983 1117 2035 pharetramque
1137 1989 1257 2023 tuam
1276 1990 1318 2023 et
1339 1997 1494 2034 arcum,
1516 1984 1579 2024 exi
1600 1984 1643 2024 in
1663 1998 1860 2036 campum
1880 1991 1922 2025 et
1942 1999 2095 2026 venare

428 2050 530 2090 mihi
559 2050 837 2090 venationem.
912 2052 948 2090 6.
979 2051 1067 2101 Ego
1097 2050 1188 2101 ipsa
1218 2051 1362 2090 audivi
1391 2056 1556 2102 patrem
1585 2057 1708 2090 tuum
1739 2051 1946 2092 dicentem
1975 2052 2097 2093 fratri

427 2122 520 2157 tuo:
561 2129 596 2167 7.
625 2117 741 2157 Vade
766 2122 808 2156 et
833 2117 933 2156 affer
959 2116 1060 2156 mihi
1085 2116 1352 2156 venationem
1377 2123 1425 2156 ut
1449 2117 1711 2167 manducem,
1738 2124 1780 2158 et
1804 2118 2027 2159 benedicat
2051 2125 2096 2159 te

428 2183 568 2224 anima
591 2196 683 2223 mea
707 2189 934 2234 antequam
957 2183 1121 2223 moriar.
1179 2185 1215 2223 8.
1244 2184 1369 2224 Nunc
1388 2197 1496 2235 ergo,
1517 2183 1574 2223 fili
1593 2184 1692 2224 audi
1711 2198 1790 2224 me.
1847 2199 1884 2236 9.
1914 2186 1971 2224 Et
1988 2186 2097 2226 vade

426 2250 482 2290 ad
501 2263 600 2290 oves
621 2256 663 2289 et
684 2263 799 2289 sume
821 2250 922 2289 mihi
948 2248 1077 2299 (inde)
1103 2250 1206 2290 duos
1227 2250 1382 2290 haedos
1403 2257 1566 2291 teneros
1588 2257 1630 2290 et
1651 2251 1795 2291 bonos.
1857 2266 1916 2292 11.
1947 2253 2094 2292 Frater

425 2329 542 2356 meus
555 2316 710 2368 pilosus
725 2323 788 2356 est
803 2323 844 2356 et
859 2329 934 2367 ego
949 2323 1091 2356 autem
1106 2317 1207 2357 lenis
1222 2330 1332 2366 sum3
1366 2331 1426 2357 12.
1456 2317 1522 2358 Ne
1537 2318 1754 2369 contingat
1770 2331 1836 2357 me
1851 2325 1893 2358 et
1908 2319 2092 2370 compal-

425 2389 498 2435 pet
514 2389 635 2434 pater
653 2396 781 2432 meus,
800 2389 842 2422 et
859 2383 1074 2434 intellegat
1093 2383 1191 2435 quia
1210 2397 1284 2435 ego
1303 2397 1396 2423 sum
1413 2384 1554 2433 Iacob,
1575 2390 1617 2424 et
1635 2385 1852 2436 acquiram
1869 2399 1954 2425 non
1972 2385 2095 2426 bene-

425 2449 650 2490 dictionem
688 2450 760 2490 sed
797 2450 1143 2490 maledictionem.
1203 2464 1263 2501 13.
1297 2448 1442 2501 (Vade,
1482 2451 1552 2500 fili,
1592 2451 1691 2491 audi
1730 2450 1812 2501 me)
1854 2451 2094 2493 maledictio

425 2521 500 2557 tua
529 2529 651 2568 super
680 2529 745 2556 me
775 2517 841 2557 sit.
901 2519 961 2556 16.
991 2517 1193 2557 Haedinis
1221 2517 1397 2568 pellibus
1426 2518 1612 2557 membra
1642 2518 1840 2558 contexit.
1901 2520 1961 2558 18.
1991 2519 2094 2569 Quis

424 2596 468 2623 es
495 2588 557 2633 tu,
586 2582 675 2622 fili?
734 2596 793 2634 19.
825 2583 913 2633 Ego
942 2583 1055 2623 Esau
1082 2583 1383 2634 primogenitus
1411 2590 1521 2624 tuus.
1581 2598 1642 2633 24.
1672 2585 1739 2624 Tu
1767 2598 1810 2625 es
1837 2584 1947 2625 filius
1976 2598 2093 2625 meus

426 2650 569 2689 Esau?
628 2647 879 2700 (Respondit
906 2648 1052 2698 Iacob)
1083 2651 1171 2700 Ego
1243 2664 1261 2689 2
1269 2662 1303 2702 5.
1333 2651 1508 2702 Appone
1536 2651 1651 2700 mihi,
1680 2657 1722 2691 et
1749 2651 2013 2692 manducabo
2042 2652 2093 2692 de

424 2715 646 2756 venatione
665 2722 754 2765 tua,
783 2715 853 2765 fili,
883 2722 925 2756 et
952 2716 1173 2756 benedicat
1199 2722 1242 2756 te
1270 2718 1410 2757 anima
1438 2731 1543 2768 mea,
1573 2724 1802 2769 antequam
1829 2717 1997 2768 moriar;
2029 2720 2091 2758 26.

425 2783 506 2823 Sed
541 2783 719 2823 admove
757 2782 858 2822 mihi
896 2783 1095 2823 osculum.
1155 2795 1215 2834 27.
1247 2784 1303 2823 Et
1341 2784 1513 2824 accessit
1549 2791 1592 2824 et
1629 2785 1839 2824 osculatus
1876 2790 1940 2824 est
1977 2798 2090 2825 eum:

425 2849 634 2889 Odoratus
657 2855 719 2889 est
741 2849 910 2889 odorem
932 2849 1060 2889 vestis
1083 2849 1182 2899 eius,
1206 2856 1248 2890 et
1269 2850 1482 2891 benedixit
1503 2864 1612 2901 eum,
1635 2857 1678 2891 et
1701 2851 1822 2891 dixit:
1860 2852 1967 2891 Ecce
1988 2851 2092 2891 odor

425 2915 497 2955 filii
524 2916 617 2966 mei,
645 2917 753 2956 sicut
779 2916 880 2956 odor
907 2916 994 2967 agri
1021 2916 1145 2967 pleni,
1175 2930 1299 2968 quem
1325 2917 1538 2958 benedixit
1565 2917 1785 2958 Dominus.
1844 2920 1905 2958 28.
1936 2918 1993 2957 Et
2020 2918 2092 2958 det

424 2981 503 3022 tibi
528 2983 642 3022 Deus
667 2983 717 3023 de
740 2996 829 3022 rore
853 2982 952 3023 caeli
977 2989 1019 3022 et
1043 2983 1094 3023 de
1117 2983 1310 3023 ubertate
1332 2989 1467 3024 terrae
1491 2990 1533 3024 et
1557 2984 1871 3024 multitudinem
1893 2984 2092 3025 frumenti
